2914 4724
310 258 1119 360 conrumptnnrns
1188 199 1341 390 333.

220 389 358 492 Nunc
371 391 515 502 autem,
560 410 651 523 quia
683 408 857 516 praesenti
887 427 1016 491 retum
1047 377 1159 490 statu
1183 412 1270 518 spe
1296 411 1343 511 {r

182 529 306 602 'tant
349 521 440 600 se
428 549 468 600 ιιι
502 525 731 658 'perpetuum
772 520 915 612 usuros,
967 546 1091 628 quum
1121 523 1269 602 irruent
1320 589 1325 598 ,
1446 521 1447 534 ³

222 633 395 713 minister
428 632 587 722 vocarit,
640 632 680 709 δι
714 630 958 710 abduxerit
947 632 1125 714 irretitos
1149 628 1271 722 febre,
1305 671 1308 676 v

36 775 40 782 ·
110 826 111 830 ,
184 797 187 810 ·
222 745 282 823 vel
298 741 413 836 tabe,
439 741 580 822 abduci
608 738 761 848 seaegtd
785 741 928 832 serunt,
970 740 1095 850 qubd
1103 737 1190 820 se
1169 767 1272 824 nun·
1300 745 1309 752 ⁰
1350 739 1352 744 ’

222 863 341 961 quam
356 854 406 930 ab
418 849 478 929 his
495 848 690 946 avulsum
680 877 725 929 ιιι
715 851 991 960 expedierint.
1027 837 1151 962 Qid
1165 851 1288 931 enims

184 1052 185 1060 3
223 991 303 1042 non
318 961 483 1040 faceret
479 961 567 1060 ille,
604 987 681 1070 qur
661 961 854 1060 domum
873 961 1077 1069 diligenter
1095 959 1274 1055 aedificat,

64 1148 68 1155 ,
110 1129 117 1147 ι
179 1093 180 1096 ‘
207 1075 262 1152 ‘dc
277 1073 469 1182 operarios
496 1061 620 1180 uiget,
651 1073 699 1150 fi
703 1073 851 1149 noverit
870 1070 952 1150 sore
971 1091 1015 1150 ut
1034 1099 1077 1150 ea
1096 1071 1275 1180 perficia-

223 1201 298 1274 tur,
327 1183 407 1290 ipse
427 1181 530 1272 verb,
557 1181 684 1260 statim
704 1209 797 1259 cum
816 1178 1011 1288 fastigium
1031 1183 1273 1287 imposuerit,

101 1346 104 1354 -
222 1293 395 1384 decedat,
444 1289 574 1370 relida
599 1291 741 1370 haeredi
776 1289 898 1370 domus
930 1292 1058 1396 ipsrus
1073 1291 1271 1392 fruitione,
1303 1293 1312 1384 J
1397 1323 1399 1330 ¹

217 1429 316 1504 cum
332 1405 373 1482 in
387 1401 455 1480 itte
474 1401 551 1508 ipse
570 1427 618 1478 ne
637 1403 844 1480 coennverit
863 1401 1023 1510 quidem
1039 1403 1176 1480 miser?
1206 1402 1273 1479 ille
1331 1463 1349 1497 ,3

223 1511 313 1591 verb
346 1515 414 1620 qui
440 1511 602 1603 laetatur,
643 1513 748 1620 quod
778 1511 847 1590 srbi
880 1511 1091 1591 masculam
1121 1513 1273 1620 ptolem
1344 1525 1346 1534 '

220 1649 323 1720 uxor
342 1625 502 1730 peperit,
543 1617 732 1730 idedque
733 1625 877 1700 amicos
903 1623 1081 1702 convivio
1103 1623 1272 1742 excipit,

191 1735 264 1810 ²&
285 1735 401 1854 patris
429 1733 775 1865 nomenimponit,
816 1732 865 1811 fi
875 1731 984 1812 sciret
1004 1759 1168 1840 puerum
1188 1736 1275 1844 sep
1312 1771 1315 1786 ,

224 1861 601 1925 temannusnatum
632 1845 860 1949 periturum,
902 1845 1078 1952 nunquid
1107 1843 1180 1923 tibi
1213 1844 1274 1924 viss
1333 1895 1334 1900 ι
1446 1865 1447 1868 ‘

225 1956 379 2034 deretur
393 1953 557 2060 gaudere
571 1952 708 2062 quod
697 1981 728 2033 ιι
742 1955 768 2034 s
772 1974 787 2032 t
803 1953 937 2033 natus?
994 1955 1067 2033 Sed
1086 1951 1195 2062 hujus
1219 1957 1279 2034 rei
1346 1983 1355 1996 ⁶*
1416 2033 1421 2041 .

225 2053 333 2148 rausa
357 2066 428 2156 est,
475 2065 617 2172 quod
606 2093 647 2144 ιιι
678 2091 770 2145 eum
799 2063 984 2160 intuetur,
1031 2066 1098 2202 qui
1118 2073 1281 2194 propter

224 2175 351 2255 filium
383 2177 513 2257 beatus
533 2175 601 2268 est,
642 2174 812 2270 athletae
823 2175 968 2256 scilicet
993 2184 1156 2286 patrem,
1204 2179 1278 2286 qui
1342 2173 1345 2187 ’
1404 2233 1407 2240 -

226 2273 413 2396 Olympia
438 2287 614 2367 viceritt·
637 2286 808 2367 vicinum
837 2305 982 2376 autem,
1019 2288 1087 2416 qui
1109 2288 1187 2366 nati
1206 2317 1274 2366 ca·
1253 2315 1325 2391 ·.‘·

196 2393 339 2474 'daven
355 2397 479 2488 effert,
514 2423 591 2474 non
609 2395 773 2504 respicit,
804 2423 930 2503 neque
944 2417 1064 2487 novit,
1094 2397 1142 2475 de
1168 2399 1301 2504 quali·

130 2551 133 2555 ·
225 2502 295 2586 sibi
327 2507 407 2584 silio
428 2507 623 2616 penderet.
681 2507 828 2612 Qin
810 2507 848 2584 δι
868 2533 1001 2584 eorum
1023 2509 1091 2613 qui
1116 2509 1162 2584 de
1181 2509 1275 2586 fini·

227 2620 298 2696 bus
330 2617 478 2698 diffidet
499 2609 601 2694 vider
617 2638 759 2722 quanta
777 2616 829 2695 stt
840 2617 965 2706 turba,
995 2618 1033 2694 bc
1050 2641 1183 2694 eorum
1203 2609 1275 2726 qui
1386 2674 1388 2689 ,

144 2783 147 2794 .
226 2728 665 2835 pecuniascoacervant:
696 2726 847 2816 deinde,
879 2741 935 2816 ut,
966 2727 1272 2854 antequamsru-
1296 2745 1297 2748 ’

73 2823 114 2923 ’,
226 2855 351 2926 antur,
382 2838 459 2914 ab
470 2837 797 2916 irruentibusillis
830 2865 926 2944 quos
954 2837 1035 2915 dixi
1063 2834 1273 2918 nunciis&
1404 2842 1412 2850 ‘'

228 2937 408 3026 ministris
439 2949 684 3027 avocantur?
724 2950 805 3028 Cu.
838 2948 963 3025 Video
981 2945 1137 3026 rsthaec
1127 2969 1276 3041 omma

161 3118 169 3142 ι
227 3063 266 3138 dc
293 3061 392 3165 apud
425 3087 487 3137 me
505 3058 650 3168 cogite,
699 3061 791 3166 quid
812 3060 854 3136 srt
877 3059 990 3166 ipsis
980 3087 1019 3137 tn
1042 3058 1117 3136 vita
1128 3056 1273 3167 jucun-

216 3171 337 3258 dum,
374 3191 443 3248 aut
471 3171 658 3282 quidqam
692 3173 735 3250 stt
756 3170 865 3262 illud,
906 3197 984 3276 quo
1013 3171 1162 3274 privati
1183 3189 1275 3274 tan·

179 3303 181 3310 ·
227 3297 349 3390 tepere
368 3280 693 3364 stomachantur
725 3285 875 3360 Μιι.ιιο
905 3281 1133 3384 Qinetiam
1158 3267 1274 3394 siquis

228 3419 360 3470 eorum
389 3419 493 3498 reges
528 3393 695 3500 aspiciat,
725 3419 792 3510 qut
782 3390 1017 3492 seliciffimi
1047 3390 1118 3470 esse
1139 3397 1276 3474 viden·

228 3519 305 3592 tut,
333 3521 438 3580 extra
459 3501 814 3594 instabilitatem&
847 3523 888 3580 ut
904 3503 1012 3590 dreis
1032 3501 1275 3638 ambiguum
1321 3527 1328 3536 ·

118 3629 119 3632 ’
228 3612 392 3692 sortunae
420 3615 629 3704 constituti,
679 3616 795 3692 tristia
829 3613 937 3720 plura
976 3607 1100 3720 qudrn,
1130 3619 1332 3720 jucun··

228 3723 276 3800 da
293 3745 505 3832 comperiet
523 3749 568 3804 us
595 3719 740 3816 adesse,
768 3746 916 3817 metus,
938 3723 1142 3816 tumultus,
1172 3727 1273 3814 odia,

89 3863 94 3868 ·
127 3891 130 3897 ι
228 3834 434 3926 infidias,
424 3863 509 3928 uas,
540 3835 800 3920 adulationes:
822 3835 940 3954 inter
959 3831 1041 3912 haec
1060 3835 1165 3932 enim
1187 3865 1275 3919 om-

1212 3975 1280 4026 nes
