2884 4738
189 205 267 318 258
543 203 881 286 LUCIANI

186 361 263 442 ego
280 359 404 454 nunc:
428 299 481 411 ¹bt
504 329 676 412 maxime
694 332 786 414 cum
804 336 942 415 viderit
963 336 1105 416 divites
1126 337 1239 426 istos,

186 473 232 524 ac
252 445 427 550 satrapas,
470 444 710 569 &tyrannos
729 449 782 524 ita
806 447 973 525 humiles
992 443 1032 524 bc
1055 449 1239 528 obscuros

187 553 264 662 effi,
308 551 463 660 soloque
490 555 632 658 ejulatu
663 555 713 634 ab
737 557 822 635 aliis
839 557 1033 664 dignosci3
1080 565 1175 666 quin
1195 561 1238 638 bc

187 664 326 744 molles
356 665 395 742 oc
416 665 571 770 ignavos
599 665 685 757 effe,
733 694 884 757 eorum,
929 695 1016 772 quae
1045 672 1148 776 apud
1173 670 1272 748 su-‘
1401 665 1406 676 '

187 801 298 884 peros
317 773 542 865 habuerunt,
571 776 870 854 reminiscentes.
921 775 1022 854 Haec
1041 779 1237 872 illidius,

184 913 232 988 ac
246 903 429 992 praeterea
440 903 482 962 ut
500 885 588 992 perb
602 887 744 994 lupinis
760 887 894 964 multis
914 887 1076 994 impleti
1091 892 1236 969 veniat:
1335 891 1346 968 ἒ

186 997 227 1074 bc
245 995 366 1076 sicubi
391 993 553 1104 positam
577 997 619 1074 in
636 997 748 1074 trivio
766 995 935 1074 Hecates
964 1024 1134 1091 coenam,
1172 1017 1240 1078 aut

186 1132 306 1187 ovum
326 1132 374 1186 ex
393 1105 614 1184 lustratione
632 1107 812 1198 relisium,
841 1125 906 1184 aut
925 1108 999 1184 tale
1014 1111 1109 1214 quid
1126 1113 1239 1186 inve·

187 1219 300 1296 nerit.
360 1215 492 1294 Pom.
507 1221 578 1295 -At
595 1216 677 1296 haec
690 1217 750 1296 illi
760 1213 1007 1308 renunciabo,
1027 1217 1238 1326 Diogenes.

189 1323 263 1408 Sed
291 1324 370 1436 qub
402 1325 539 1408 melibs
559 1327 672 1406 illum
692 1327 893 1436 agnoscere
912 1355 1068 1436 queam,
1108 1330 1245 1434 cnjus-.

188 1438 298 1522 modi
332 1437 386 1518 est
417 1435 539 1517 facie?
591 1439 731 1518 Dtoo.
772 1439 896 1518 Senex
927 1437 995 1528 est,
1042 1439 1237 1532 calvaster,

188 1548 308 1656 pallio
338 1545 494 1628 indutus
530 1547 672 1641 lacero,
718 1549 759 1628 bt
790 1566 906 1628 vento
935 1549 1056 1630 cuivis
1091 1553 1237 1658 pertin,

188 1657 229 1742 bc
257 1653 481 1767 diversorum
519 1685 734 1766 pannorum
768 1659 987 1739 assumentis
1024 1663 1236 1767 variegato:

188 1765 308 1850 Ridet
326 1786 452 1848 autem
473 1769 635 1876 semper,
677 1797 721 1849 ac
749 1767 1003 1877 Philosophus
1022 1769 1111 1848 istos
1130 1796 1236 1850 atro-

187 1897 320 1986 gantes
337 1879 470 1958 multis
501 1879 627 1958 verbis
648 1879 881 1988 perstringit.
938 1879 1075 1960 Pon.
1105 1881 1237 1960 Facile

189 1989 259 2068 erit
273 1987 385 2068 illum
404 2015 451 2067 ex
468 1987 530 2068 his
542 1987 665 2094 fignis
679 1991 862 2068 invenire.
920 1991 1060 2070 D1oc.
1117 1991 1237 2070 Visne

189 2095 237 2178 ad
270 2095 358 2177 illos
396 2100 513 2180 etiam
562 2099 816 2208 Philosophos
865 2099 1011 2208 aliquid
1050 2102 1245 2206 mandem·
1371 2161 1374 2174 .
1413 2115 1418 2126 “

119 2289 122 2298 ,
188 2209 286 2318 tibi?
343 2209 478 2290 Potr..
522 2209 689 2290 Mendes
716 2211 832 2290 licet:
880 2209 1127 2317 nequeenim
1158 2209 1235 2290 hoc

116 2371 120 2378 -
188 2317 288 2422 mibi
302 2321 416 2428 grave
434 2319 563 2402 suerit.
622 2323 767 2402 Dion.
796 2323 843 2402 Iu
863 2319 1079 2401 universum
1092 2319 1251 2400 adhoc-1

188 2450 266 2511 tate
292 2431 394 2524 illos,
442 2453 485 2512 ut
505 2433 681 2515 definant
713 2435 862 2541 nugati,
910 2433 950 2508 be
986 2431 1034 2510 de
1058 2429 1234 2510 universo

188 2543 432 2635 contendere,
474 2546 514 2626 bc
542 2572 684 2628 cornua
709 2545 777 2624 fibi
800 2541 940 2622 mutuo
959 2543 1154 2650 affingere,
1193 2545 1234 2621 oc

187 2653 571 2736 crocodilossaceret
617 2658 657 2735 ὃς
677 2653 898 2761 hujusmodi
917 2655 1046 2762 inepta
1072 2655 1234 2760 juvenes

188 2763 326 2844 docere
359 2766 603 2874 interrogare.
660 2765 796 2847 Pota.
840 2765 896 2842 At
934 2765 1136 2845 indoctum
1170 2789 1234 2844 me

147 2871 151 2884 ’
187 2873 482 2954 &ineruditum
517 2871 588 2956 esse
607 2875 752 2978 dicent,
796 2874 864 2981 qui
895 2860 1113 2960 doctrinam
1140 2875 1231 2956 illo-

188 3009 275 3062 rum
310 2983 599 3090 reprehendam.
658 2985 796 3065 Dtoo.
855 2984 922 3066 Tu
943 2982 1031 3062 verb
1052 3011 1141 3062 meo
1158 3012 1232 3064 no·

186 3093 294 3172 mine
312 3093 412 3198 ipsos
430 3095 576 3202 plorare
601 3094 711 3200 jube.
768 3095 904 3178 Pom..
935 3093 988 3170 Et
1010 3091 1102 3172 baec
1127 3119 1231 3172 non-

185 3201 296 3282 ciabo
314 3201 404 3294 illis,
438 3205 655 3312 Diogenes.
698 3207 840 3286 Droo.
868 3203 1066 3284 Divitibus
1085 3219 1230 3298 autem,

99 3385 106 3410 .
186 3309 211 3390 b
247 3309 461 3394 chariffime
495 3311 709 3408 Pollucule,
736 3323 741 3346 '
768 3317 894 3396 nostro
940 3313 1099 3391 nomine
1147 3311 1231 3398 haec

184 3423 385 3503 renuncia:
453 3423 573 3538 Qid,
606 3425 646 3506 ’ὂ
680 3427 781 3518 vani,
829 3449 965 3505 autum
1009 3421 1228 3517 custoditis3

184 3533 279 3642 quid
308 3559 371 3612 vos
402 3533 500 3642 ipsos
535 3533 774 3626 excruciatis,
814 3537 940 3618 usuras
971 3527 1229 3641 supputando,
1327 3529 1329 3536 ’

184 3645 223 3724 bt
266 3641 406 3725 talenta
456 3646 609 3724 talentis
651 3649 944 3734 accumulando,
1000 3671 1099 3751 quos
1138 3648 1230 3724 uni·
1312 3706 1313 3712 .
1357 3687 1359 3693 ·
1415 3633 1421 3684 ἴ

183 3781 275 3836 cum
308 3755 467 3838 obolum
501 3755 688 3836 habentesv
720 3757 824 3850 brevi
853 3755 913 3840 'ad
933 3752 1070 3858 inflros
1099 3757 1227 3836 venite
1289 3792 1292 3800 ·

182 3867 403 3976 oportebit?
442 3869 596 3955 boet.
623 3866 888 3997 'Haecfletiam
927 3863 1002 3948 illis
1037 3869 1226 4058 diclgntur.

493 4010 513 4090 3
770 4011 778 4026 ¹
1092 4087 1097 4098 ἱ
1131 3999 1226 4057 roo.
