2914 4724
1020 12 1092 23 -ν-Ί-ι-
1130 19 1145 30 ,.
1157 18 1188 30 ³--

464 252 1344 378 Necromnurralnr

190 402 193 409 '
294 397 495 508 quandam
524 399 722 507 regionem
743 395 994 478 devenimus:
1047 400 1088 478 in
1108 425 1244 508 -quam
1274 399 1344 480 ubi

298 502 563 588 descendimus
624 499 802 616 (praeibat
853 506 945 586 verb
987 503 1341 614 Mithrobarzanes)

233 637 235 641 ’
297 619 452 727 foveam
470 618 691 711 effodimus,
721 619 760 697 be
779 645 867 698 oves
890 619 1168 724 jugulavimm,
1198 623 1238 700 br
1257 621 1344 702 san·

295 732 459 836 guinem
491 731 593 809 circa
625 729 778 818 foveam
812 727 1048 838 asperfimus.
1104 737 1344 840 Atmagnus

296 843 455 920 interim
475 839 601 920 facem
622 839 820 918 accensam
844 858 989 941 tenens,
1038 865 1131 920 voce
1148 869 1227 922 non
1256 870 1344 946 anre

243 1009 252 1024 .,
296 951 399 1059 plius'
428 949 642 1042 summissa,
686 950 748 1028 sed
769 946 886 1058 quim
914 949 1063 1057 poterat
1083 951 1255 1034 maximi
1273 980 1344 1042 νοῇ
1418 965 1422 974 ’

294 1061 473 1152 efferans,
502 1064 694 1154 daemonas
722 1061 834 1140 finrul
853 1086 987 1138 omnes
1003 1063 1220 1154 invocabat,
1250 1063 1346 1150 Poe·

296 1197 380 1266 nas,
423 1172 626 1278 Erinnyas,
675 1173 852 1250 Hecaten
884 1173 1126 1264 nocturnam,
1173 1173 1372 1274 horribi-¹

295 1280 455 1390 lemque
485 1282 766 1390 Proserpinam,
806 1281 1032 1358 commixtis
1064 1279 1344 1364 unit'barhari·

295 1395 353 1484 cis
389 1391 621 1502 quibusdam
658 1391 799 1498 ignotis
832 1391 871 1468 be
908 1391 1151 1498 polysyllabis
1168 1396 1349 1474 nomini-

298 1504 386 1583 bus.
444 1503 582 1582 Statim
607 1529 698 1609 ergo
717 1521 878 1579 tremere
902 1501 1046 1592 omnia,
1075 1503 1278 1612 solumque
1296 1530 1347 1598 ex
1394 1495 1399 1520 ⁹

254 1655 256 1663 ¹
297 1615 559 1696 incantatione
592 1613 757 1703 diffindi,
785 1638 848 1690 ac
880 1612 1037 1690 Cerberi
1066 1612 1223 1708 latratus
1253 1643 1346 1722 pro-

295 1727 363 1805 cul
389 1725 540 1814 audiri:
575 1719 740 1831 jamque
766 1747 823 1800 res
855 1719 967 1832 plani:
990 1723 1103 1802 trillia
1137 1751 1181 1803 ac
1211 1725 1348 1810 moesta

297 1855 392 1916 erat.
450 1837 607 1914 Timuit
638 1832 726 1913 verb
758 1832 889 1912 subtus
903 1860 976 1914 rex
994 1853 1231 1914 mortuorum
1250 1837 1347 1918 Plu·

298 1967 354 2027 to.
412 1946 502 2051 Jam
545 1948 651 2056 enim
691 1943 895 2054 inferorum
933 1945 1114 2052 pleraque
1150 1949 1346 2056 patebant,

296 2059 403 2144 lacus
422 2056 764 2164 Pyriphlegethon,
791 2057 829 2128 δε
848 2054 1023 2136 Plutonis
1041 2057 1157 2162 regia.
1218 2053 1348 2138 Ct'rm·

297 2196 376 2276 que
407 2195 476 2278 per
512 2165 667 2248 hiatum
703 2164 1033 2258 descendillenrus,
1092 2167 1346 2249 Rhadaman-

298 2281 414 2370 thum
455 2305 531 2387 prae
577 2298 684 2363 metu
719 2279 1002 2386 propemodum
1035 2298 1235 2364 mortuum
1284 2305 1347 2360 re-

297 2392 487 2500 perimus:
529 2409 571 2467 at
583 2390 772 2470 Cerberus
789 2387 949 2496 quidem
976 2388 1138 2482 latravit,
1168 2393 1208 2470 δι
1226 2391 1265 2470 in
1281 2390 1347 2476 fua·

296 2529 426 2580 rorem
446 2499 571 2578 versus
601 2497 674 2590 est;
716 2497 844 2592 statim
873 2517 1003 2578 autem
1034 2527 1098 2579 me
1115 2500 1238 2604 lyram
1256 2502 1348 2609 pul-

222 2679 226 2686 .
297 2612 416 2700 sante,
458 2607 627 2690 melodii
645 2609 736 2686 ilico
752 2605 893 2714 sopitus
910 2608 976 2688 est.
1035 2609 1243 2717 Postquam
1258 2610 1348 2692 verb
1416 2653 1424 2668 „.

298 2721 347 2800 ad
382 2719 513 2800 lacum
551 2719 740 2810 venimus,
802 2713 952 2824 parlim·
974 2717 1098 2800 abfuit
1134 2721 1230 2830 quin
1256 2733 1349 2806 non

225 2843 229 2860 '
298 2831 575 2940 trajiceremur.
625 2827 1158 2940 'Jamenim'onustumerau
1201 2831 1348 2938 &eju-

192 2969 195 2981 ·
298 2941 379 3022 latu
400 2941 560 3050 plenum
588 2942 810 3048 navigiumr
840 2943 974 3028 omncs
1005 2939 1097 3022 verb
1126 2940 1242 3021 saucii
1277 2967 1347 3020 na·

299 3053 495 3160 rigabant,
521 3053 587 3132 hie
607 3079 707 3144 crus,
749 3051 815 3130 ille
846 3069 976 3160 capot,
1021 3049 1116 3132 alius
1150 3053 1254 3132 aliud
1275 3052 1348 3132 ali·

266 3158 393 3274 'quid
424 3166 647 3247 membrum
672 3162 1066 3272 contritum-habens,
1113 3161 1207 3246 ard-eb
1239 3179 1282 3244 ut
1299 3189 1350 3273 err

299 3275 404 3358 bello
431 3275 602 3383 quodam
629 3273 749 3356 adelle
780 3272 880 3354 mihi
909 3275 1138 3360 riderentur,
1194 3276 1251 3358 At
1275 3300 1350 3388 op·
1440 3301 1442 3364 s

298 3387 420 3466 timus
450 3365 607 3476 (lhaton,
641 3405 683 3466 ut
715 3385 857 3496 pellem
878 3385 1072 3488 leoninam
1103 3388 1214 3478 vidit,
1245 3388 1350 3465 arbi·

182 3595 186 3602 ⁵
298 3515 420 3578 aratus
455 3524 519 3584 nte
557 3496 773 3585 Herculem
810 3491 895 3592 effe,
941 3499 1101 3606 recepit,
1125 3493 1350 3605 *libensque
1431 3517 1439 3599 'p

299 3601 520 3706 transvexit,
560 3611 779 3720 quinetiam
814 3605 963 3714 egreffis
1000 3607 1101 3688 vianl
1140 3635 1349 3690 common»
1435 3613 1438 3694 l

299 3716 443 3822 stravit.
520 3721 630 3800 Tum
673 3717 874 3828 quoniam
894 3720 935 3800 in
961 3721 1136 3800 'tenebris
1179 3709 1349 3824 erarhus,

298 3830 460 3942 praeibat
495 3829 845 3921 Mithrobarzanem
886 3857 959 3937 ego
990 3851 1120 3910 autem
1150 3827 1251 3939 pone
1280 3825 1352 3936 ipsa

297 3940 494 4052 aphaerem
520 3943 716 4058 sequebar,
759 3943 884 4022 donec
918 3943 959 4022 in
988 3965 1143 4052 pratum
1176 3935 1352 4050 quoddam

572 4070 573 4080 Ν
797 4049 894 4161 U4
1033 4071 1037 4076 ’
1083 4050 1354 4164 *maximam
