2894 4720
157 313 240 425 td
443 301 883 402 ¹eucraur

161 441 365 526 maxillam
398 439 458 526 illi
502 441 603 522 illiso
640 442 732 520 volo
775 437 981 521 discedere.
1052 439 1216 523 Srnrou.

162 557 264 660 Qie
292 577 357 644 me
387 551 603 660 peecuffitl
630 551 835 634 latrocinio
859 547 1050 660 despolior
1082 553 1215 635 miser.
1329 594 1333 602 ·

163 669 345 746 Mrem.
402 664 516 742 Plora
549 691 593 742 ac
624 665 741 770 vigila
757 697 771 754 3
800 662 929 754 &fias
954 687 1046 742 auro
1083 662 1217 742 colore

164 777 315 868 fimilis,
349 775 503 883 penitus
539 772 886 854 illiadhoerescens.
942 772 1031 852 Noa
1065 791 1215 868 autem,

163 889 192 968 fi
229 887 394 976 uidetur,
432 882 691 988 Gnipbonem
717 882 989 964 foeneratorem
1010 885 1176 982 visamus
1197 919 1214 976 3

164 1024 257 1077 nam
284 1021 356 1074 nee
378 996 411 1072 ia
443 993 581 1100 procul
618 991 713 1074 binc
749 991 914 1076 habitat.
963 996 1216 1088 Haecetiam

159 1111 279 1215 janua
310 1104 422 1184 nobis
457 1101 646 1209 patefacta
678 1104 746 1184 est.
818 1103 941 1184 Gne.
967 1103 1088 1184 Vides
1105 1103 1216 1184 hune

165 1221 284 1296 etiam
315 1241 392 1324 prae
424 1215 527 1292 curis
553 1215 798 1322 vigilantem,
829 1213 1101 1322 supputantem
1123 1215 1217 1294 usu-

166 1355 239 1421 ras,
278 1328 318 1406 dt
364 1327 505 1432 digitos
534 1325 639 1403 callo
664 1327 854 1404 obductos
888 1325 1112 1418 habentem,
1149 1326 1218 1406 cui

165 1438 392 1548 propediem
424 1435 565 1516 relictis
596 1435 658 1514 bis
688 1437 873 1515 omnibus
911 1437 1019 1516 suin
1051 1436 1218 1516 blattam

166 1548 431 1644 autculicem‚
462 1565 530 1626 aut
546 1545 725 1626 muscam
744 1545 982 1628 abeundum.
1033 1547 1216 1626 Mrcuu.

19 1693 23 1700 ·
166 1659 296 1741 Video
333 1657 517 1766 equidem
549 1657 733 1739 miserum
762 1683 806 1737 ac
832 1647 1036 1738 vecordem
1080 1657 1218 1738 homi·

166 1797 260 1850 nem
291 1795 342 1848 ne
371 1795 476 1847 nunc
504 1767 666 1876 quidem
697 1766 820 1848 blattd
850 1785 916 1848 aut
945 1769 1069 1848 culice
1088 1767 1218 1848 multb

167 1882 310 1960 melius
329 1879 538 1960 viventem.
606 1879 665 1959 Ut
682 1877 787 1984 verb,
803 1879 925 1960 etiam
943 1879 1014 1959 iste
1032 1896 1134 1960 totus
1152 1903 1225 1957 ree

168 1993 342 2070 tionibus
362 1989 554 2068 intabuit!
584 2015 692 2068 nunc
710 1991 759 2069 ad
777 1989 900 2070 alium
916 2015 1064 2070 eamus.
1091 1989 1218 2070 Gur..

167 2103 234 2180 Ad
253 2119 381 2192 tuum,
416 2100 443 2176 fi
464 2099 629 2190 videtur,
665 2099 876 2184 Eucratem
895 2135 909 2192 3
936 2127 986 2179 en
1007 2102 1049 2181 bc
1071 2100 1131 2180 hae
1148 2099 1216 2180 fo·

143 2235 227 2288 res
247 2227 428 2318 patuere3
458 2208 591 2315 itaque
616 2207 867 2290 introeamus.
898 2211 1079 2292 Mrcuu.
1107 2211 1215 2290 Pau·

167 2320 210 2402 lb
225 2338 312 2400 ante
326 2318 553 2400 haecomnia
572 2345 659 2399 mea
678 2338 818 2402 errant.
875 2321 999 2403 Gne.
1020 2325 1076 2402 At
1094 2322 1213 2402 etiam

169 2459 275 2512 nunc
291 2449 335 2510 tu
348 2432 499 2512 divitias
514 2430 713 2510 somnias?
742 2433 848 2512 vides
867 2432 986 2539 igitur
998 2434 1213 2513 Eucratem

167 2544 297 2651 ipsum
317 2537 520 2632 &famulo
540 2542 669 2622 virum
693 2560 786 2622 natu
797 2544 999 2652 grandem.
1030 2545 1213 2627 Mrcur..

132 2680 144 2713 x
166 2653 297 2734 Video
329 2649 503 2762 profecto
520 2651 817 2734 obscoenitatem
836 2656 1049 2762 quandam,
1068 2657 1108 2734 dt
1135 2653 1213 2734 l'as-
1243 2655 1246 2665 ’

168 2765 322 2845 ciuium·
346 2791 426 2844 non
462 2763 612 2844 virilem
632 2799 646 2856 3
673 2765 892 2874 quinetiam
907 2766 1024 2846 alterd
1041 2791 1089 2846 ex
1109 2781 1217 2871 parte

169 2875 292 2986 ipsam
312 2877 408 2954 item
430 2899 589 2974 uxorem
605 2872 628 2953 ὲ
645 2875 1033 2984 coquoeonstuprari.
1090 2877 1215 2957 Gna.

170 2987 281 3094 Qid
300 2983 428 3090 ergo?
458 3011 555 3064 num
581 2986 725 3094 optdris
750 2988 790 3065 dc
821 2985 965 3084 horum
994 2985 1112 3066 baeres
1140 3013 1213 3065 ex·

169 3099 294 3187 illere,
338 3095 521 3202 Micylle,
548 3102 767 3205 cunctaque
800 3096 985 3205 poffidere
1016 3125 1105 3206 qum
1128 3097 1217 3178 sunt

170 3205 385 3286 Eucratie?
460 3207 641 3290 Mrcrr..
673 3211 1024 3316 Haudquaquam,
1069 3207 1214 3288 Galle:

169 3315 253 3395 imd
286 3314 391 3394 fame
426 3343 580 3424 peream
604 3315 708 3425 pribs
729 3345 850 3428 quam
875 3321 951 3398 tale
965 3319 1060 3427 quid
1076 3319 1214 3426 patiar.

170 3427 309 3507 Valeat
326 3453 477 3519 aurum,
507 3431 766 3522 &convivia
795 3429 876 3508 duo
891 3431 997 3510 oboli
1021 3429 1120 3510 mibi
1139 3453 1215 3536 po-

170 3546 289 3622 tiores
322 3537 463 3618 divitiae
501 3539 602 3632 sunt,
625 3537 751 3646 'quam
786 3536 1092 3640 fiddomestieil
1112 3537 1215 3618 mihi
1282 3603 1288 3614 .

108 3653 111 3658 ’
166 3655 309 3732 domus
329 3647 576 3758 perfodiatur.
622 3651 742 3730 Gan.
760 3650 832 3730 sed
845 3653 930 3756 jam
949 3677 1066 3742 nunc,
1083 3675 1211 3758 quan·

169 3761 383 3868 doquidem
416 3761 495 3838 dies
525 3757 649 3838 ferme
669 3762 825 3851 diluxit,
860 3759 906 3841 dd
938 3763 1102 3841 domum
1123 3757 1216 3838 nos-

171 3871 273 3953 tram
310 3871 530 3954 redeamus:
556 3871 720 3979 reliqua,
755 3873 780 3951 b
818 3869 999 3981 Micylle,
1029 3867 1121 3950 alids
1151 3861 1215 3950 vi-

170 3985 293 4068 debis.
963 4025 986 4040 ν
1085 4015 1088 4023 ’
1183 4005 1187 4023 ²

1030 4090 1210 4219 ΨΕΩ·
