2894 4720
201 217 304 326 398'
513 217 548 296 L
576 216 619 296 U
646 218 682 296 C
709 217 728 298 1
748 217 793 296 Α
822 211 865 302 Ν
894 217 913 296 Ι

158 435 161 442 ,
201 355 312 465 dium
351 354 629 442 intercedere
613 383 659 462 ιιι
636 352 741 446 ubet,
789 354 829 435 δι
860 351 1037 445 salarium
1074 369 1256 462 pronun·

112 540 114 546 s
201 459 301 544 ciare
331 465 435 592 quud
468 467 660 574 nequcip
664 463 689 544 s1
719 490 832 576 grave
870 465 928 556 fit,
969 465 1218 572 utqui&
1206 493 1258 561 ιιι

51 571 63 606 ³
201 576 277 656 alia
309 577 431 683 magis
461 575 522 658 his
554 570 770 658 necessaria
787 574 961 701 sumptus
999 573 1130 666 saciat,
1175 602 1254 656 nec

201 695 406 794 accepturo
435 703 563 766 tenue,
621 689 753 812 Atque
801 687 833 763 is
877 684 1067 774 seniculus
1099 684 1250 813 quispi-

201 824 264 876 am
298 796 507 878 adulationi
548 823 579 886 a
614 798 741 902 pueris
774 794 1011 922 associamus,
1059 795 1183 878 heus
1182 816 1250 892 tu,

199 907 341 1013 inquit,
372 933 447 986 non
469 923 577 1012 potes
601 933 752 1012 negare,
794 923 833 984 te
861 907 1041 988 omniurn
1071 905 1248 1014 quisunt

199 1017 240 1096 in
259 1017 353 1097 urbe
372 1015 450 1104 esse
469 1015 825 1108 fortunatiffimum,
872 1019 936 1097 cui
963 1016 1039 1102 hoc
1072 1017 1249 1125 primum

199 1128 365 1232 cunt-igit
402 1127 506 1234 quud
543 1128 677 1212 multis
716 1127 823 1208 ralde
860 1127 1105 1256 cupientibus
1138 1129 1250 1224 vixa

197 1235 354 1319 fortuni
383 1239 463 1324 dari
483 1238 615 1346 potiit:
666 1264 806 1344 nempe
838 1256 880 1320 ut
905 1242 944 1318 in
963 1237 1080 1345 hujus
1111 1234 1248 1318 borni-

200 1349 258 1426 nis
295 1347 615 1433 consuetudinem
658 1349 885 1439 admittaris,
940 1367 983 1431 ut
1016 1373 1247 1432 communes

198 1477 355 1564 penates
393 1457 547 1551 habeas,
593 1463 709 1566 inque,
750 1457 982 1548 familiam'
971 1485 1011 1538 ιιι
1039 1459 1245 1536 Romano·
1285 1556 1288 1560 ,

198 1597 289 1650 rum
336 1571 502 1676 imperio
543 1571 765 1682 primariam
803 1571 1015 1677 recipiarisi
1066 1568 1106 1646 id
1138 1569 1247 1646 enim

71 1681 75 1690 '
200 1681 321 1760 eroefi
348 1681 488 1760 talenta
505 1681 544 1759 δι
577 1678 698 1764 Midae
718 1681 869 1758 drvnran
883 1679 1045 1787 superat,
1081 1676 1248 1756 srmodd

200 1791 393 1870 modestus
413 1790 484 1870 esse
512 1793 626 1870 noris.
685 1791 880 1897 Equidem
905 1790 1050 1868 multos
1070 1787 1147 1866 vidi
1178 1815 1247 1870 ce·

198 1897 322 1978 lebres
354 1903 452 1984 viros
487 1904 554 2009 qui
587 1899 799 1990 volnissent,
848 1900 917 1981 etsi
948 1898 1118 1980 dandum
1148 1899 1247 2006 quid
1360 1987 1368 1998 ‚

198 2008 340 2116 fuisset,
374 2011 498 2090 solius
531 2010 677 2124 gloriae
689 2014 815 2100 censa,
863 2037 955 2093 cum
998 2009 1069 2091 isto
1104 2008 1246 2100 virere,

199 2121 291 2196 δι
257 2146 357 2200 circa
394 2122 521 2228 ipsum
550 2121 679 2226 aspici,
721 2123 758 2211 δι
787 2120 1008 2212 familiares,
1055 2129 1169 2226 atque
1199 2144 1247 2198 a

199 2231 306 2328 mict
339 2230 473 2310 videri.
548 2231 642 2318 Non
689 2229 837 2336 possum
871 2250 979 2311 tuam
1016 2228 1243 2310 felicitatem

110 2339 115 2344 ’
198 2334 284 2418 satis
313 2343 529 2472 predicare,
565 2343 638 2469 qui
664 2339 793 2422 saustae
819 2341 933 2447 hujus
952 2339 1116 2420 fortunae
1144 2367 1245 2448 prae-

192 2452 325 2534 mium
357 2455 473 2532 etiarn
494 2455 670 2590 accipies
726 2451 832 2558 Ergo
867 2451 948 2539 hoc
964 2451 1134 2538 sufficere
1165 2477 1244 2555 pu-

198 2581 294 2654 tem,
324 2565 393 2644 nisa
414 2560 596 2672 plandsrs
633 2589 767 2670 nepos,
810 2563 871 2665 (ac
892 2587 1106 2648 nummum
1124 2549 1245 2668 quid·
1301 2661 1304 2669 1

198 2672 288 2751 dam
305 2671 565 2781 pronunciat)
596 2675 801 2778 praesertim
817 2671 845 2758 sa
860 2699 951 2753 cum
972 2671 1036 2750 tua
1053 2671 1115 2779 spe
1129 2689 1244 2755 com·

198 2803 368 2888 paretur:
400 2804 568 2862 attamen
588 2803 792 2864 contentus
811 2785 856 2862 s1s
873 2782 1015 2873 necesse
1031 2783 1097 2860 est.
1154 2779 1244 2858 Ne-

199 2920 275 3012 que
301 2893 408 2974 enim
435 2895 519 2996 jam
532 2894 664 3000 poffis
694 2893 876 3001 effugere,
919 2888 1010 2975 cum
1031 2896 1129 2972 intra
1148 2895 1245 2972 retia

199 2998 374 3084 tenearis.
431 3005 644 3083 Fraenum
633 3005 750 3110 igitur
784 3001 950 3094 mussans
971 3004 1150 3116 recipie.
1178 3001 1245 3082 Ac

190 3113 323 3194 initio
333 3115 518 3214 quidem
564 3116 599 3219 ei
643 3139 722 3192 non
772 3115 984 3194 admodum
1031 3106 1245 3220 torquenti,

157 3278 164 3287 -
196 3249 268 3300 nec
307 3224 418 3304 acute
454 3214 642 3332 pungenti
687 3241 724 3303 te
762 3225 903 3330 praebes
953 3221 1242 3333 obsequiosum,

195 3332 319 3410 donec
357 3335 413 3412 illi
447 3337 603 3416 tandem
640 3335 825 3441 paulatim
863 3335 1073 3414 assueverit.
1130 3329 1250 3415 Tum

195 3440 375 3527 homines
408 3447 476 3552 qui
507 3445 593 3524 sunt
612 3445 718 3537 soris,
767 3443 894 3552 postea
925 3465 962 3526 te
987 3433 1243 3547 admirantur,

76 3653 80 3666 Ι
196 3551 303 3690 qudd
334 3573 370 3634 te
393 3555 672 3662 conspiciant
662 3575 762 3636 intra
791 3556 979 3638 cancellos
1014 3555 1242 3646 versantem,

128 3736 130 3742 .
196 3662 382 3790 nulldque
409 3663 638 3772 prohibente
657 3649 951 3798 ingredientem,
996 3662 1243 3762 &illustrem

194 3777 295 3856 inter
331 3776 559 3861 domesticos
608 3773 770 3876 fastum.
844 3769 903 3858 At
945 3776 1061 3885 ipsc
1056 3773 1242 3854 nundum

190 3883 336 3980 rides,
369 3887 656 4026 quamobrem
654 3867 731 3970 illis
770 3887 901 3970 heatus
935 3886 1109 3970 videaris.
1185 3886 1245 3964 At

761 4031 765 4038 ¹
1110 4011 1246 4078 tamen
