2914 4724
579 272 1055 380 SOMNIUM
1266 293 1416 402 3ιι

268 487 269 495 ,
302 407 474 502 visorum
501 411 643 530 species
675 424 796 504 oculis
832 403 1004 516 inhaeret‚
1048 403 1087 504 dc
1122 409 1341 503 auditorum

219 584 222 592 ι
295 557 376 610 vox
402 535 554 612 auribus
574 536 741 623 insonat;
784 557 861 612 tam
884 537 995 640 plana
1022 533 1177 612 fuerunt
1196 538 1339 611 omnia.
1354 543 1357 552 '

300 641 399 720 Duae
430 646 607 720 mulieres
636 639 829 722 manibus.
842 644 1069 748 preiensum
1103 642 1215 719 adse
1237 667 1339 720 utra·
1364 681 1369 695 =
1399 723 1400 732 χ

300 777 377 858 que
396 752 503 832 valde
528 755 719 834 violenter
752 781 794 830 ac
829 775 1003 858 potenter
1038 781 1099 830 me
1120 752 1339 832 trahebant:
1329 766 1355 801 '

236 943 239 952 f
301 863 402 940 unde
428 887 571 968 parurn
591 864 713 944 abfuit
734 865 827 970 quin
846 893 907 940 me
936 864 1201 970 discerperent,
1243 867 1342 940 inter

298 969 335 1049 se
354 975 637 1051 contendentes.
690 972 796 1050 Nam
814 973 931 1050 modh
946 976 1059 1050 altera
1075 974 1284 1077 superabat,
1301 975 1340 1051 dc

298 1083 580 1220 propemodum
602 1107 665 1159 me
685 1101 811 1159 totum
845 1081 1011 1171 tenebat‘,
1057 1081 1174 1186 modb
1206 1079 1360 1182 contras

290 1192 345 1279 ,ab
362 1189 476 1270 altera
488 1193 651 1269 tenebar
710 1173 845 1267 Tum
831 1219 870 1268 rn
888 1191 950 1267 se
941 1195 1104 1269 invicem
1123 1193 1341 1290 clamabant

232 1385 234 1399 1
299 1298 453 1378 ambae:-
487 1299 567 1378 hac
589 1302 745 1406 quidem
768 1298 869 1404 quod
892 1302 1000 1380 suum
1036 1303 1148 1378 vellet
1170 1329 1232 1378 me
1249 1302 1340 1408 pos

297 1410 459 1488 fidere:-
484 1411 550 1487 illa
579 1407 667 1486 verb
693 1408 799 1516 qubd
828 1412 949 1487 aliena
979 1416 1238 1518 nequicquam
1271 1411 1357 1490 fibi:

295 1521 525 1600 vendicaret.
577 1521 670 1596 Erat
690 1537 817 1596 autem
846 1522 959 1597 altera
979 1548 1159 1626 operaria
1204 1523 1337 1612 virilis,
1405 1623 1407 1628 ,

294 1631 334 1708 dc
353 1629 520 1736 squalida
537 1657 662 1722 coma,
694 1657 827 1734 manus
855 1631 953 1706 callo
973 1629 1116 1707 habens
1137 1630 1335 1722 obductas,

296 1740 487 1817 succineta
534 1739 647 1830 veste,
703 1767 918 1819 marmoreo
965 1741 1119 1846 pulvere
1167 1742 1339 1846 oppleta,

294 1849 419 1956 qualis
434 1849 587 1927 ¹solebat
606 1849 676 1929 effe
697 1851 920 1938 avunculum
963 1877 1082 1951 quum
1104 1851 1247 1954 lapides
1266 1877 1337 1956 po-

262 1960 424 2038 .liebat.
468 1962 615 2037 Altera
651 1957 748 2036 facie
792 1940 957 2050 venusta,
1016 1959 1151 2039 habitu
1183 1961 1363 2054 decoro„

255 2069 332 2164 a&
368 2069 466 2148 veste
500 2067 684 2148 modesta.
760 2069 954 2147 Postremo
1002 2087 1130 2148 autem
1172 2071 1336 2176 permit-

292 2199 379 2259 tunt
400 2206 486 2260 meo
500 2180 665 2286 judicio,
696 2179 779 2256 utra
799 2195 929 2258 earum
955 2179 1177 2260 conversari
1185 2181 1334 2259 malim.

291 2291 344 2367 Et
371 2289 433 2394 stc
469 2292 587 2396 prior
609 2291 675 2368 illa
706 2291 810 2378 dura,
868 2292 907 2368 ds
942 2290 1055 2366 virilis
1094 2289 1220 2368 locuta
1259 2292 1332 2370 est:
1353 2287 1355 2290 ’
1395 2327 1406 2335 -

291 2401 393 2510 Ego,
423 2399 535 2478 chare
557 2423 662 2503 puer,
694 2399 878 2474 Statuaria
899 2397 995 2489 sum,
1026 2399 1236 2504 quamheri
1246 2378 1337 2480 ἀίΓ-
1386 2399 1387 2402 ’

270 2525 376 2588 'cere
392 2509 553 2615 coepisti,
584 2508 656 2584 tibi
672 2505 881 2596 familiaris,
909 2511 949 2586 dc
970 2535 990 2582 a
1008 2509 1224 2612 parentibus
1245 2535 1334 2635 cog

291 2631 399 2696 nata.
443 2645 539 2694 nam
568 2617 644 2694 bc
642 2641 730 2692 avus
764 2634 851 2692 tuus
895 2617 1044 2719 (addito
1081 2619 1141 2694 avi
1172 2619 1334 2706 materni

289 2721 498 2828 nomine)
510 2726 586 2804 fuit
620 2727 903 2814 marmorarius,
945 2726 1060 2803 ambo
1095 2744 1333 2831 pretereaa-

288 2837 444 2916 vuncuh
465 2837 541 2914 tur
572 2838 694 2943 &per
712 2863 777 2912 nos
799 2832 905 2914 valde
924 2832 1168 2914 claruerunt
1214 2836 1332 2938 Qod
1396 2867 1397 2870 ¹

289 2949 316 3028 fi
354 2948 445 3026 velis
479 2949 595 3036 tricis,
645 2973 688 3022 ac
715 2948 852 3056 nugis,
902 2971 986 3052 quae
1020 2945 1067 3024 ab
1101 2943 1166 3022 illa
1169 2946 1332 3084 prostar-
1416 3036 1419 3046 Δ

288 3075 371 3149 unt,
419 3058 534 3138 altera
553 3053 732 3145 indicata,
774 3055 971 3146 abstinere,
1017 3083 1080 3132 me
1100 3053 1188 3134 vero
1208 3051 1329 3162 sequi,
1453 3093 1454 3096 ¹

291 3163 524 3274 mecumque
562 3169 711 3273 degere,
768 3161 939 3272 primbm
975 3163 1154 3272 generosi:
1186 3167 1331 3244 eduea-
1347 3191 1351 3198 ·

290 3280 402 3366 beris,
452 3280 491 3358 bc
525 3275 695 3356 robustos
722 3273 902 3353 humeros
933 3275 1105 3366 habebis,
1153 3280 1199 3353 ab
1223 3275 1332 3354 omni

288 3413 484 3516 quoquer
472 3386 617 3466 invidia
647 3382 790 3465 alienus
818 3387 910 3464 eris:
976 3411 1045 3464 nec
1079 3385 1200 3510 patriai
1237 3383 1331 3480 tuis·

124 3525 127 3544 ·
200 3541 204 3550 ·
248 3575 249 3580 ,
288 3527 373 3606 que
385 3499 478 3576 farn
481 3493 636 3576 lraribus
664 3507 842 3602 u'nquam
880 3496 1058 3583 reiidtis
1079 3499 1117 3572 in
1149 3516 1329 3573 terrase-

289 3610 405 3687 lienas
431 3610 568 3697 abibis.
628 3607 774 3685 Omnes
795 3627 832 3684 te
850 3606 1056 3686 laudabunt
1079 3631 1154 3681 non
1173 3606 1223 3686 ob
1248 3605 1329 3684 st
1384 3696 1388 3704 ,
1453 3679 1454 3684 ,

290 3719 352 3797 dia
379 3718 534 3824 quidem
551 3713 625 3822 sed
636 3716 681 3796 ob
694 3717 823 3822 fabia
876 3717 1016 3826 Neque
1045 3713 1133 3794 verb
1161 3714 1329 3820 corporis
1399 3753 1402 3760 ¹
1453 3731 1454 3734 ’

289 3829 490 3917 vilitatem,
521 3829 755 3906 autvestrum
770 3827 962 3905 sorditiem
978 3825 1164 3905 averseris
1225 3825 1372 3926 Nam‘
1453 3839 1454 3922 g

291 3941 342 4066 ab
369 3939 469 4018 his
459 3937 578 4018 mitiis
604 3937 795 4066 profestos
827 3957 950 4125 epam
983 3921 1151 4040 Phidias
1160 3935 1329 4040 illeJo-.
1351 3957 1356 3968 ·
1453 3995 1454 4058 3

908 4071 929 4180 3
1139 4065 1156 4145 Ἰ
1242 4071 1330 4138 vem
1453 4065 1454 4144 ]
