2894 4720
169 305 252 414 462
490 271 892 386 ructant

90 477 93 484 ·
170 437 237 522 me
270 437 343 520 tibi
375 435 467 516 licet
500 417 639 516 di'cere.
698 433 894 542 Nunquid
922 431 973 538 &p
998 458 1060 514 me
1080 449 1126 511 ot
1150 436 1228 514 in-·

171 549 369 659 quilinum
406 549 445 628 iu
469 546 534 652 jus
561 545 704 626 rocas?
762 546 892 626 Moru.
914 545 969 622 -ln
998 543 1118 624 Creti
1138 572 1220 624 non

170 657 414 740 tantumhoc
435 657 565 736 audire
583 657 652 749 est,
683 653 744 735 sed
768 658 809 734 dr
828 653 933 736 aliud
964 655 1059 764 quid
1089 656 1138 734 de
1176 675 1218 732 te

172 771 371 864 dislitant,
387 787 579 876 tuumque
598 764 846 876 sepulchrum
864 765 1094 852 ¹,ostendunt⁸
1129 765 1222 872 Ego

173 878 264 960 verb
278 905 402 989 neque
421 879 497 958 illis
521 878 650 970 credo,
679 903 753 954 nec
786 903 835 955 ex
858 875 1020 956 Achivis
1052 876 1220 980 AEgien-

173 990 288 1080 sibus,
318 991 441 1098 quite
462 987 707 1066 subdititium
740 986 812 1066 esse
843 987 1012 1069 dicunt:
1046 985 1107 1064 sed
1127 1012 1218 1092 quae

172 1094 412 1212 potiffimirm
441 1095 734 1206 reprehensione
762 1099 880 1204 digna
909 1084 1103 1188 existimo,
1131 1095 1220 1176 haec

173 1211 317 1292 dicam.
363 1209 526 1288 Etenim
561 1207 792 1288 d‘elistorum
830 1205 1052 1314 hujusmodi
1070 1207 1221 1315 princi,

174 1323 302 1431 pium,
340 1321 379 1400 δι
413 1319 563 1400 causam
597 1345 667 1398 cur
708 1316 832 1396 noster
868 1317 1055 1398 consessus
1089 1316 1222 1396 nothis

70 1513 71 1516 a
174 1420 424 1522 adulteretur,
455 1449 497 1508 tu
529 1429 628 1538 ipse,
658 1427 822 1538 Jupiter,
853 1429 1059 1535 praebuisti,
1107 1454 1218 1506 mor-

173 1543 315 1624 talibus
345 1541 572 1622 mulieribus
604 1558 640 1618 te
673 1539 963 1622 commiscendo
981 1574 994 1629 t
1036 1541 1076 1617 tr
1126 1539 1220 1616 alias

176 1652 251 1734 alit
281 1650 407 1732 sormri
446 1651 493 1730 ad
530 1652 626 1760 ipsas
659 1647 955 1730 descendendo:
985 1653 1037 1728 ita
1068 1665 1111 1728 ut
1147 1675 1220 1750 nos

175 1782 451 1852 metueremus,
483 1762 618 1870 nequis
657 1780 694 1839 re
747 1761 1068 1868 comprehensum
1102 1759 1222 1860 sacri,

176 1873 320 1965 ficeret,
350 1901 442 1952 curn
478 1892 606 1953 taurus
653 1870 758 1965 esses,
789 1871 849 1948 vel
891 1869 1038 1952 aurifex
1079 1870 1221 1977 aliquis

177 2002 215 2064 te
248 1984 468 2076 conficeret,
498 2012 606 2062 cums
629 2012 765 2064 aurum
802 1981 909 2074 esses,
940 1984 979 2060 br
1018 2009 1089 2090 pro
1125 1981 1223 2085 Jove
1254 1982 1261 1993 “

177 2095 291 2180 nobis
325 2113 390 2174 aut
423 2093 581 2182 monile,
613 2112 678 2170 aut
701 2093 867 2182 armilla,
906 2103 972 2172 aut
1010 2091 1221 2172 inaurisfi-

67 2223 70 2230 '
176 2229 272 2286 eres.
310 2205 494 2284 Attamen
509 2201 612 2284 hisce
627 2202 800 2282 semideis
820 2200 966 2282 coelum
985 2203 1217 2314 implevisti;

177 2343 304 2424 neque
347 2317 453 2396 enim
492 2314 601 2392 aliter
650 2311 802 2421 pollum
852 2313 995 2398 dicere.
1072 2315 1124 2392 Et
1156 2339 1217 2392 res

178 2428 232 2508 est
263 2422 378 2529 quim
411 2422 583 2504 maxime
615 2425 789 2516 ridicula,
837 2425 952 2532 srquis
984 2450 1033 2504 ex
1068 2421 1221 2531 impro-

179 2537 258 2618 viso
278 2537 439 2616 audierit
458 2535 670 2616 Herculem
688 2535 835 2615 factum
854 2535 926 2614 elle
946 2537 1094 2626 Deum,
1132 2535 1220 2614 Eu·-
1253 2596 1256 2602 ,

178 2644 375 2756 ryslheum
413 2661 558 2737 autem,
589 2647 657 2754 qui
693 2647 759 2726 ille
806 2647 1035 2754 imperabat,
1064 2673 1096 2723 ve
1141 2645 1219 2730 vitai

178 2756 386 2848 discessisse,
414 2757 452 2834 tr
490 2783 609 2866 prope
629 2757 694 2836 srta
711 2755 784 2834 esse
804 2757 987 2836 Herculis
1008 2755 1224 2862 ternplum,¹
1280 2857 1282 2865 Α

178 2870 247 2978 qui
292 2867 474 2960 famulus,
523 2866 803 2974 Eurystheique
841 2866 1103 2976 sepulchrum,
1151 2868 1220 2967 qui

179 2979 294 3060 herus
320 2995 413 3092 erut.
492 2979 638 3058 Rursus
664 2976 815 3061 Thebis
845 2978 1019 3058 Bacchus
1058 2977 1220 3084 quidem
1306 2994 1313 3000 “

179 3091 288 3169 Deus
303 3089 370 3180 est,
399 3089 480 3196 ejus
500 3108 626 3168 autem
641 3089 872 3179 consobrini,
907 3085 1115 3180 Pentheus,
1135 3099 1220 3166 Ac·

179 3219 294 3290 taeon,
323 3203 363 3280 δι
401 3200 610 3306 Learchus,
647 3200 825 3280 omnium
873 3197 1098 3278 hominum·
1128 3197 1221 3278 fue-

181 3337 222 3390 re
255 3310 473 3388 miserrimi.
530 3312 595 3388 Ex
635 3338 713 3420 quo
751 3326 881 3389 autern
920 3309 1037 3389 semel
1067 3328 1109 3388 tu
1139 3309 1219 3414 Ju-

180 3421 290 3534 piter
311 3419 423 3506 rebus
460 3419 684 3526 hujusmodi
715 3419 814 3500 sures
853 3420 1043 3528 aperuisti,
1089 3422 1128 3498 br
1170 3419 1220 3497 ad
1313 3523 1317 3528 .

181 3533 405 3612 mortalium
444 3531 760 3611 consuetudinem
800 3549 837 3608 te
869 3529 1098 3621 convertisti,
1128 3557 1220 3608 om·
1259 3551 1262 3556 ·

180 3669 249 3722 tres
286 3663 323 3720 te
352 3641 492 3720 imitati
520 3641 635 3734 sont3
666 3671 736 3722 nec
776 3642 934 3722 masculi
972 3641 1041 3720 Dii
1078 3639 1218 3732 solim,

181 3754 259 3846 sed,
289 3753 394 3862 quod
419 3751 471 3828 est
502 3751 775 3856 turpissimum,
814 3753 931 3830 ctiam
960 3753 1055 3830 Deae
1087 3751 1220 3832 foemi·

180 3892 251 3944 nae.
310 3865 416 3970 Qis„
441 3864 547 3940 enim
566 3863 717 3966 ignorat
736 3861 945 3952 Anchisen,
979 3861 1219 3952 Tithonum,
1237 3953 1241 3957 ,

180 3975 484 4084 Endymionern,
514 3973 553 4052 be
576 3972 796 4084 jastonem,
842 3972 1040 4082 aliosque?
1080 3975 1219 4079 Itaque

1133 4085 1218 4162 haec
