2914 4724
146 305 225 390 310
410 228 870 352 ³L·Uct'AN1

147 402 395 516 praepatdsset,
438 405 566 482 medis
585 406 736 482 circiter
774 407 886 482 noete
907 403 955 482 ad
987 402 1196 510 Tigridem
1248 453 1250 463 ‹

145 521 310 600 fluvium
341 543 404 596 me
430 516 640 594 dedustum
672 517 934 622 depurgant,
976 515 1015 593 dt
1049 516 1192 593 abster·
1297 613 1302 618 ι

12 639 16 658 “
146 631 215 723 fit,
235 613 460 736 facc'queac
487 627 604 736 scilla,
647 626 804 733 aliisque
836 626 1025 731 pluribus,
1069 627 1194 732 magi

145 770 240 820 cum
276 737 374 820 illud
408 765 564 820 carmen
602 737 719 816 simul
753 735 1085 830 submurmurans,
1131 739 1193 816 lu·

140 852 289 930 *stravit
348 844 554 926 Deinde
517 875 608 926 cum
631 876 692 926 me
700 849 790 954 jam
811 865 937 925 totum
958 845 1194 940 incantaffet,

146 966 186 1040 dr
216 958 502 1049 circumivisset,
543 987 633 1036 nea
658 959 998 1064 spedrislaederer,
1030 961 1197 1038 domum
1227 1011 1230 1023 ι
1311 986 1315 994 ’

146 1074 310 1162 reducit,
345 1071 399 1148 ita
433 1087 475 1148 ut
494 1097 613 1161 eram,
644 1070 1004 1176 retrogredientern:
1049 1067 1198 1177 reliqu&

145 1182 235 1260 veru
255 1185 366 1263 noete
387 1181 620 1287 navigationi
647 1207 713 1259 nos
736 1179 965 1288 paravimus.
1022 1179 1094 1258 Ille
1118 1181 1194 1286 igi·
1277 1219 1281 1226 ·

146 1295 210 1372 tur
230 1295 422 1399 magicam
454 1293 648 1398 quandam
679 1291 820 1370 vestem
841 1292 981 1381 induit,
1031 1291 1203 1370 Medicae·

146 1399 319 1483 multllm
354 1401 540 1482 similem:
590 1429 654 1481 me
674 1400 762 1480 vero
782 1401 858 1494 his,
903 1401 1006 1510 pileo
1037 1401 1196 1494 scilicet,

146 1515 268 1592 leonis
302 1514 464 1604 exuviis,
511 1510 670 1622 lytrique
701 1511 853 1620 insuper
879 1515 1042 1591 ornavit.
1094 1514 1198 1591 Pire-

35 1645 39 1653 ·
146 1643 250 1702 terea
274 1625 381 1730 jussit
416 1645 458 1702 ut
479 1624 593 1730 quurs
624 1650 768 1702 nomen
800 1651 865 1704 me
897 1629 1060 1730 rogaret,
1103 1624 1197 1702 Me·
1245 1671 1250 1694 ι

129 1737 315 1842 nippum
329 1737 491 1842 quidem
512 1761 559 1810 ne
580 1735 763 1826 dicerem,
793 1732 858 1812 scd
874 1735 1104 1828 Herculem,
1134 1735 1197 1812 U·

140 1845 295 1952 lyssem,
337 1863 400 1924 aut
420 1843 639 1952 Orpheum
700 1846 775 1922 Pu.
807 1847 945 1950 Qd
936 1865 1002 1940 rta,
1051 1846 1076 1923 ὂ
1105 1846 1197 1924 Me-

146 1933 288 2063 riippe?
345 1982 471 2062 neque
506 1957 611 2034 euim
640 1952 796 2054 habitds
831 1983 956 2062 neque
990 1958 1197 2038 nominum

146 2065 298 2144 causam
313 2066 502 2172 intelligo.
532 2109 533 2116 κ
560 2050 682 2145 Mun.
714 2067 836 2174 Atqui
849 2065 1093 2173 perspicuum
1110 2069 1196 2173 qui-

147 2177 239 2256 dem
270 2175 369 2256 illud
407 2177 473 2269 est,
517 2203 562 2256 ac
594 2175 821 2285 neutiquam
846 2185 1058 2257 arcanum:
1102 2205 1196 2258 curn

147 2287 254 2366 enim
294 2285 335 2366 hi
371 2292 458 2366 aule
499 2315 568 2368 nos
608 2291 684 2366 vivi
724 2290 770 2366 ad
806 2287 947 2368 inferos
981 2287 1197 2367 descendis-

147 2399 244 2488 sent,
274 2397 518 2490 existimavit,
548 2399 659 2507 fitne
678 2399 754 2478 illis
784 2387 1126 2492 affimilaret‚*sore
1153 2416 1198 2480 ut

147 2504 299 2590 sacililrs
318 2511 429 2588 AEaci
448 2511 635 2591 custodias
662 2509 852 2603 fallerem,
895 2511 935 2590 dt
964 2511 1040 2590 saue
1068 2511 1199 2616 impe·

149 2620 324 2700 dimento
345 2622 555 2712 transrrem,
597 2640 731 2728 utpote
758 2622 898 2714 notior,
943 2618 1035 2700 clrm
1055 2616 1199 2728 tragici:

148 2728 362 2814 admodum
382 2732 566 2812 deductus
583 2731 696 2810 essem
717 2733 1079 2839 propterhabitum
1108 2733 1199 2836 Jam

148 2842 267 2969 igitpr
281 2841 539 2921 illucescebat
559 2843 654 2933 dies,
703 2870 827 2948 quum
860 2869 928 2922 nos
954 2844 1002 2921 ad
1035 2841 1199 2922 fluvium
1243 2871 1249 2882 ·

97 2987 100 2995 J
149 2932 435 3041 descendentes,
477 2952 531 3030 in
538 2951 720 3030 solvendo
739 2979 760 3030 e
780 2969 892 3060 portu
913 2954 1100 3061 occupati
1114 2979 1199 3034 era-

148 3087 251 3141 mus.
310 3061 430 3138 Erant
443 3081 573 3140 autem
589 3064 637 3140 ab'
651 3060 732 3170 ipsu
747 3081 933 3170 parataey
937 3067 1041 3154 mba,
1062 3065 1152 3141 dc
1118 3089 1199 3142 vrc-

149 3171 270 3261 timae,
318 3173 357 3248 dc
384 3171 574 3258 mulsum:
624 3174 663 3250 dt
692 3173 778 3263 alia,
809 3193 999 3279 quotquot
1020 3175 1065 3254 ad
1084 3173 1196 3252 saen

148 3280 236 3360 ficia
253 3299 359 3358 erant
380 3281 501 3362 utilia.
558 3284 667 3362 Tum
699 3284 886 3390 impositis
914 3286 1096 3364 omnibus
1112 3311 1198 3392 quae

36 3471 39 3475 .
148 3408 278 3498 parata
297 3411 417 3480 erant,
447 3419 515 3470 nos
532 3419 688 3500 quoque
703 3393 752 3470 sic
772 3394 1012 3504 ingredimur
1028 3395 1200 3480 tristes&

147 3501 327 3582 humidas
341 3496 557 3606 lachrymas
571 3503 825 3582 effundentes
884 3506 1201 3614 Atquealiquan·
1260 3564 1266 3574 -

148 3613 268 3720 tisper
294 3611 497 3721 quidem
486 3639 526 3690 m
556 3613 673 3692 fluvio
699 3611 1015 3700 sublabebamur:
1062 3619 1200 3696 deinde
1262 3681 1269 3692 ,

148 3721 189 3806 in
228 3721 410 3831 paludem
446 3723 687 3830 navigamus,
737 3751 780 3802 ac
812 3723 957 3820 lacum,
998 3725 1039 3808 iu
1079 3753 1198 3835 quem

148 3833 365 3940 Euphrates
408 3831 601 3914 conditur.
690 3833 772 3911 Ubi
825 3856 955 3916 autem
1001 3837 1040 3916 tc
1083 3839 1199 3918 illum
1238 3897 1244 3918 ,

151 3942 490 4076 transmisimus,
479 3971 521 4023 ιιι
540 3945 740 4040 desertam,
771 3941 805 4054 sp
811 3925 956 4094 ltosam
982 3947 1198 4054 &opacam
1306 3975 1311 3986 ’

737 4089 741 4099 ’
903 4057 1197 4200 quandam
