2914 4724
180 303 262 388 3n
497 245 988 377 nucunur'

52 392 62 408 ’
180 414 249 503 tid,
288 435 413 518 quum
443 408 614 488 carnifex
633 425 700 486 aut
719 406 879 499 satelles,
905 405 971 486 ille
989 407 1148 517 quidem
1161 411 1233 517 ju·
1308 441 1313 452 ·

181 525 274 614 dici,
294 523 359 600 hic
377 540 540 626 tyranno
555 545 704 597 morem
720 543 872 624 gerens,
893 545 1104 626 quemnam
1117 523 1233 600 caedis

181 635 290 714 istius
327 658 436 710 reum
465 629 579 738 agee?
655 627 773 706 Min.
808 631 954 736 Liquet
979 659 1081 712 reum
1116 661 1233 739 agen·

182 744 267 826 dum
297 743 488 849 judicem,
543 756 609 818 aut
655 755 883 844 tyrannum:
938 741 1126 850 fiquidem
1162 770 1233 828 ne·

184 883 261 966 que
281 851 408 958 ipsum
433 849 606 960 gladium
642 850 813 954 accufiare
834 848 1038 957 pafflamus:
1086 854 1235 934 subser-

179 971 241 1046 -vit
274 969 380 1043 enim
417 961 497 1054 hic,
555 981 742 1068 tanquam
776 963 1074 1043 instrumentum
1106 961 1235 1072 quod-

185 1079 292 1164 dam,
336 1075 383 1152 ad
411 1073 514 1152 illius
545 1069 753 1179 expendam
771 1099 961 1171 animum,
1006 1075 1074 1182 qui
1107 1072 1235 1182 primo

186 1186 339 1268 causam
357 1183 644 1292 hancpraebuit.
703 1183 829 1262 Sosr.
852 1182 1063 1276 Beneuen.
1084 1185 1234 1275 Minos,

188 1295 294 1406 qnod
327 1297 419 1374 huic
453 1294 634 1400 exemplo
656 1311 753 1372 ame
775 1299 923 1402 prolato
952 1297 1070 1374 etiam
1107 1294 1236 1374 corol-

187 1411 328 1488 larium
362 1402 491 1485 addas.
550 1405 677 1510 Siquis
716 1427 845 1484 autem
882 1406 931 1486 ab
964 1407 1059 1485 hero
1091 1403 1236 1496 mitius,

189 1544 328 1598 aurum
365 1518 424 1596 vel
460 1534 663 1623 argentum
702 1513 847 1606 afferat,
905 1518 981 1595 utri
1012 1517 1237 1626 apponenda

189 1630 243 1710 est
258 1630 392 1756 gratia,
420 1647 505 1706 uter
526 1623 744 1704 benefactor
764 1623 1058 1708 adscribendus?
1118 1627 1235 1706 Mur.

190 1742 229 1820 Is
249 1741 317 1848 qui
346 1739 462 1826 misit,
511 1738 695 1824 Sostrate3
734 1738 916 1821 minister
948 1739 1053 1816 enim
1088 1735 1240 1817 tantum

190 1851 280 1941 fuit,
310 1853 378 1958 qui
406 1848 547 1927 attulit.
606 1847 729 1925 Sosr.
760 1849 912 1928 Vrdes
901 1871 1021 1956 igitur
1037 1877 1155 1958 quam
1176 1876 1238 1933 rn
1263 1885 1271 1900 ³

187 1961 287 2069 justa
306 1959 436 2049 iacias,
465 1962 561 2038 dum
588 1982 656 2035 nos
677 1956 865 2067 supplicio
892 1960 1026 2050 afficis,
1073 1963 1150 2067 qui
1160 1960 1239 2038 mi-

193 2072 300 2150 nistri
333 2065 483 2148 tantum
511 2070 656 2148 fuimus
676 2094 810 2148 eorum
844 2097 930 2178 quae
963 2069 1110 2149 Clotho
1140 2069 1241 2172 nobis

128 2197 134 2220 “
194 2181 420 2290 imperavit:
460 2179 609 2259 &dum
630 2179 700 2256 hos
715 2179 860 2258 honore
880 2180 1130 2289 prosequeris,
1170 2183 1240 2307 qui

193 2293 316 2372 aliena
347 2291 448 2370 bona
460 2288 583 2419 solun
610 2289 957 2371 administrdrunt?
993 2317 1109 2372 nemo
1132 2296 1240 2371 enim

193 2406 320 2484 dicere
358 2409 511 2510 poterit,
565 2400 738 2509 poffibile
775 2401 905 2482 effe
879 2430 926 2482 ns
967 2402 1240 2494 contradicere,

195 2545 280 2625 quae
295 2543 384 2594 cum
400 2541 510 2596 omm
499 2511 765 2594 ’'neceffitate
754 2513 1241 2648 rmperatafuere.M1N.

197 2629 342 2716 Multa,
386 2623 561 2714 Sostrate,
603 2626 642 2701 dc
673 2622 745 2700 alia
771 2626 897 2703 videas
928 2625 1033 2715 licet,
1077 2621 1243 2704 minime

196 2739 404 2818 secundum
443 2738 629 2816 rationem
664 2731 760 2826 fieri,
808 2733 835 2812 sr
866 2735 1067 2842 diiigenter
1095 2761 1242 2843 expen-

197 2851 277 2926 das.
349 2849 611 2944 Veruntamen
646 2863 688 2921 tu
732 2872 779 2923 ex
788 2843 898 2924 hac
930 2846 1138 2979 qoaestione
1168 2845 1244 2924 hoc

199 2960 291 3036 boni
321 2938 575 3064 consequeris,
618 2936 742 3054 quod
740 2981 818 3033 non
846 2959 973 3063 praedo
998 2950 1137 3048 solum,
1181 2955 1244 3036 sed

199 3071 315 3146 etiam
338 3065 499 3171 sophista
526 3064 698 3166 quidem,
725 3065 796 3145 effe
815 3068 988 3145 videaris.
1048 3066 1190 3144 Solve
1180 3095 1244 3174 rp-

17 3163 23 3179 ’
96 3225 101 3236 .
200 3179 296 3267 sum,
347 3179 532 3270 Mercuri,
581 3201 652 3253 nec
685 3198 865 3285 punratur
892 3172 1081 3286 amphus
1128 3196 1243 3256 caete

150 3341 158 3352 =
200 3284 286 3366 rum
282 3275 393 3365 vide
426 3316 472 3366 ne
496 3289 535 3367 δε
563 3303 717 3366 caeteros
754 3315 885 3368 manes
914 3287 1049 3371 similia
1081 3289 1245 3367 interrd·

201 3427 289 3508 gare
303 3401 450 3478 doceas
