2914 4724
137 265 219 361 an
456 227 885 370 ructans
995 255 1027 326 ss

72 404 76 412 “
236 379 568 468 GRATETIS
620 407 689 466 ιιι
744 385 1076 468 DIOGENIt.

348 519 351 524 ’
486 527 535 612 C
551 527 590 610 R
617 527 655 608 A
682 527 724 608 'I'
749 525 787 611 Ε
816 527 854 608 3

272 676 585 760 OERICHUM
601 677 726 780 illum
742 675 970 760 divitem
923 703 1048 769 noras
1084 675 1186 755 Dio

292 815 423 896 genes,
443 785 618 879 illum,
600 815 764 897 mquam,
795 790 994 916 insigniter
1012 787 1189 886 divitem,

138 902 254 984 illum
274 897 465 980 Corintho
496 897 729 1005 profectum,
762 901 829 994 cui
857 915 916 978 tot
949 916 1057 978 erant
1075 922 1190 980 novet

138 1012 330 1101 oneraria,
363 1010 472 1116 eujus
492 1007 741 1088 consobrinus
761 987 940 1100 Aristeas,
971 1009 1051 1118 ipse
1070 1010 1191 1088 etiam

141 1121 261 1212 dives,
303 1118 566 1200 Homericum
584 1116 725 1199 illud
711 1146 754 1200 ιιι
779 1144 846 1198 ore
870 1119 1011 1208 habere
1031 1116 1191 1208 solebat,

141 1233 230 1314 Aut
261 1258 316 1310 me
341 1229 425 1310 tolle
452 1247 509 1322 tu,
538 1248 608 1313 aut
634 1258 698 1338 rgo
716 1245 768 1310 te.
824 1230 966 1308 Droo.
997 1227 1119 1334 Cujus
1136 1228 1193 1307 rei

141 1341 265 1450 gratia
301 1342 378 1421 se
368 1341 536 1420 invicem
575 1341 766 1434 colebant,
817 1339 979 1434 Crates?
1038 1341 1192 1428 Caaa,
1325 1438 1342 1450 η

28 1481 29 1484 ’
142 1453 391 1534 Hereditatis
424 1451 555 1544 causa
567 1470 741 1559 uterque,
779 1477 873 1530 cum
901 1449 1027 1540 essent
1060 1449 1192 1530 coaevi.

45 1595 52 1607 ·
143 1567 199 1642 Et
231 1565 457 1644 testamenta
477 1562 767 1689 publicaverant
800 1563 987 1659 ambo,
976 1587 1017 1638 ιιι
1051 1561 1196 1683 quibus

145 1673 381 1765 Moeriehus‚
419 1673 445 1752 fi
470 1675 573 1781 prior
591 1692 819 1766 moreretur,
852 1659 1042 1752 Aristeam
1061 1669 1193 1750 omni-

145 1812 217 1864 um
247 1810 378 1864 rerum
408 1783 562 1864 suarum
599 1783 808 1864 dominum
845 1781 1112 1890 relinquebat:
1154 1769 1193 1860 bc

147 1892 392 1976 Moerichum
412 1893 573 1972 viciffim
612 1892 792 1984 Aristeae,
838 1894 876 1973 fi
904 1899 1010 2001 prior
1051 1919 1073 1972 e
1117 1891 1204 1970 vird·
1277 1929 1278 1934 ι

146 2001 362 2089 decederet.
417 1985 518 2082 Haec
537 2003 699 2110 quidam
723 2021 830 2084 eraut
857 2003 897 2080 in
913 2003 1054 2085 tabulis
1073 2003 1195 2108 scrip·

147 2135 211 2206 ιιι
258 2114 317 2221 iili
351 2110 440 2192 verb
474 2113 592 2192 sese
580 2114 749 2196 invicem
778 2112 972 2205 colebant,
999 2113 1040 2190 de
1065 2113 1195 2212 adula-

146 2227 264 2308 tione
277 2209 457 2331 superare
489 2225 791 2308 contendebant.
847 2221 967 2302 Porrb
986 2249 1057 2304 non
1071 2201 1211 2330 solum.

24 2379 27 2388 ·
148 2335 284 2427 divini,
322 2335 396 2414 five
414 2333 592 2416 futurum
625 2361 673 2419 ex
692 2335 798 2415 astris
817 2319 1090 2440 comederent,
1118 2333 1194 2412 five

149 2463 194 2526 ut
212 2443 385 2528 Chaldaei
399 2471 447 2528 ex
465 2445 637 2540 somniis,
661 2447 725 2528 sed
741 2449 781 2526 tr
801 2443 962 2553 Pythius
981 2443 1074 2552 ipse,
1089 2469 1196 2524 nune

149 2557 323 2658 Aristeae,
372 2581 480 2658 nuno
511 2556 709 2639 Moericho
737 2557 939 2638 victoriam
973 2557 1165 2663 praebebat
1180 2588 1195 2646 ι
1251 2585 1255 2604 ¹

150 2673 190 2750 bc
224 2666 343 2750 modb,
374 2667 558 2760 adhunc,
599 2666 720 2748 modb
737 2668 784 2748 ad
799 2665 913 2747 illum
934 2667 1076 2748 trutina
1104 2691 1197 2793 pro·

152 2779 358 2888 pendebat.
413 2779 547 2856 Droo.
582 2779 690 2881 Qid
719 2777 837 2882 igitur
865 2777 1022 2858 tandem
1055 2777 1196 2868 evenit,

154 2887 316 2968 Crates?
345 2913 435 2966 nam
453 2889 585 2964 audire
600 2889 653 2964 est
678 2913 802 2994 operae
820 2889 1010 3012 precium.
1041 2889 1196 2968 Cnn'r.

152 2997 305 3076 Eodem
343 2999 406 3075 die
438 2999 559 3080 ambo
588 2997 863 3076 suntmortui:
902 2994 1086 3080 caeterum
1115 2995 1196 3078 hae

151 3106 328 3186 reditates
366 3107 412 3186 ad
451 3106 692 3186 Eunomium
713 3131 768 3186 ac
801 3105 1053 3216 Thrasyclem
1080 3105 1197 3184 deve

151 3233 305 3341 petunt,
355 3241 523 3324 quorum
557 3235 718 3324 uterque
744 3216 822 3298 illis
859 3236 1071 3344 cognatus
1089 3232 1194 3296 erat:

151 3307 192 3404 dr
218 3326 287 3434 qui
311 3352 511 3460 nunquam
541 3327 827 3434 praesagiverant
855 3326 975 3406 haec
965 3345 1019 3404 ιιι
1053 3323 1196 3407 futura.

152 3437 312 3540 Etenim
341 3432 431 3514 ciem
463 3437 624 3542 Sicyone
663 3435 844 3516 Cirrham
875 3436 1012 3526 versus
1039 3439 1197 3544 naviga-

150 3566 252 3636 rent,
294 3545 467 3628 medio
456 3572 497 3638 ιιι
516 3546 641 3639 cursu,
678 3547 720 3624 in
744 3549 951 3654 obliquum
984 3547 1199 3630 incidenter

150 3658 341 3768 Iapygem
374 3655 502 3738 eversa
531 3658 618 3734 navi
651 3656 859 3792 perierupt.
924 3657 1061 3734 Droo
1094 3658 1201 3748 Bene

152 3763 340 3848 fecerunt.
397 3768 453 3845 At
472 3763 647 3844 noacirm
673 3767 713 3845 in
741 3765 1012 3859 vitaeffemue,
1042 3767 1199 3850 nihile⁴

148 3879 320 4010 jusmodi
365 3877 460 3958 alter
500 3873 587 3954 de
580 3877 699 4010 altero
728 3877 1028 3983 cogitabamus.
1075 3887 1199 3988 neque
1287 3926 1290 3936 2

295 4021 352 4069 ,qr
387 4072 409 4085 ,,
1025 4017 1198 4097 unquam
