2894 4720
213 311 226 376 1
348 277 1194 396 ultroneoou'cououorra
1237 309 1315 420 335
1438 389 1439 392 ,

210 397 354 524 'aliis
386 447 510 524 vivere
542 441 808 554 quaestumque
830 443 966 526 facete
999 443 1147 524 volunt.
1207 447 1315 526 Cae-

269 551 397 636 t'erirm
424 579 517 634 cum
549 553 628 634 fere
658 556 883 635 communia
914 539 1130 662 fitniliaque
1168 554 1249 670 lint
1270 581 1316 636 ea
1438 625 1439 628 t

7 761 9 770 J
268 685 357 800 quae
383 661 449 744 lus
469 665 652 744 ommbus
683 665 875 758 accidunt,
917 664 1059 792 palam
1075 661 1317 746 estnonerr·

7 787 9 858 ἒ
138 847 141 866 1
206 863 209 868 ,
269 773 543 908 imiaquidem
563 771 801 882 philosophis
831 777 1096 884 contingere,
1114 771 1198 854 imd
1230 793 1314 852 tur·

269 887 411 1010 plora,
429 879 540 962 cum
539 885 622 962 srnt
659 911 751 964 cum
790 885 873 964 aliis
911 883 1151 976 communia,
1176 884 1315 1012 liqui-

268 994 414 1078 demit
445 996 514 1103 qui
544 987 781 1086 conducunt,
817 1021 901 1072 non
935 995 1017 1074 aliis
1053 995 1220 1102 praemiis
1249 1021 1315 1074 eos

268 1131 388 1214 quam
424 1108 590 1211 reliquos
620 1105 843 1210 dignantur,
889 1103 1091 1232 nilrildque
1118 1105 1241 1212 magis
1273 1107 1314 1184 in

269 1214 416 1294 honore
453 1213 611 1292 habent.
686 1213 903 1322 Qicquid.
930 1217 1049 1341 igitur
1090 1215 1316 1294 narrationis
1429 1263 1435 1270 ·

266 1325 405 1403 series
395 1325 576 1415 mveniet,
611 1349 675 1400 eos
695 1323 933 1432 potillimum
955 1351 1023 1433 qur
1011 1325 1132 1403 talia
1150 1323 1314 1420 faciunt,

268 1435 406 1512 deinde
438 1459 501 1512 eos
521 1458 589 1542 qur
578 1431 698 1510 talia
716 1431 976 1526 sustinent,e
956 1439 1037 1541 ejus
1057 1427 1213 1542 culpa'm
1234 1435 1316 1514 fer·

236 1625 242 1636 ,
266 1570 306 1623 re
325 1571 492 1678 aequum
493 1543 569 1622 est:
611 1569 684 1648 ego
704 1541 792 1622 vero
811 1543 956 1652 culpari
974 1571 1049 1622 non
1079 1544 1214 1637 debeo,
1244 1545 1320 1628 oili·
1398 1633 1400 1643 Α

138 1667 145 1678 s
266 1651 413 1732 verd&
445 1650 564 1732 libere
595 1654 720 1732 dicere
749 1653 1076 1762 reprehensronem
1109 1666 1313 1734 mereatur.
1346 1651 1349 1658 ’

267 1761 624 1844 Verumenimvero
663 1763 858 1872 reliquunt
914 1763 1123 1844 hominum
1160 1765 1331 1872 vulgus,

231 1952 233 1962 ,
267 1897 360 1984 puta
376 1875 639 1982 palaestricos,
686 1876 898 1956 adulatores
920 1875 1103 1982 plebeios,
1133 1903 1177 1955 ac
1198 1877 1315 1984 suop-

268 2005 306 2065 te
346 1985 503 2092 ingenio
528 1983 708 2063 humiles
742 1987 781 2063 dc
810 1987 976 2090 abjectos
1022 1986 1216 2076 homines,
1266 2013 1315 2064 ne
1368 2039 1371 2045 ,

66 2103 69 2110 ⁴
267 2121 391 2205 operae
439 2093 598 2204 quidem
636 2095 804 2201 pretium
844 2095 974 2212 fuerit,
1022 2095 1071 2175 ab
1101 2080 1315 2178 istiusmodt

267 2208 509 2287 convldtibus
550 2203 756 2296 dehortari,
792 2203 951 2332 ’neque'
970 2205 1076 2285 enim
1109 2208 1315 2315 obtempe-
1355 2207 1358 2218 '

265 2336 411 2397 tarent:
459 2342 584 2423 neque
620 2315 696 2393 illis
734 2317 829 2394 vitio
871 2335 1014 2396 vertere
1049 2343 1206 2422 aequum
1245 2317 1342 2409 est,'
1378 2315 1382 2322 ’

266 2426 374 2536 qudd
406 2425 725 2532 nonrelinquant
755 2424 839 2504 suos
858 2425 1125 2516 conductores,
1165 2427 1313 2509 etiamfi

97 2609 100 2616 ,
207 2599 208 2604 ι
265 2536 444 2644 plurimis
484 2534 729 2614 contumeliis
776 2532 902 2612 affecti
945 2533 993 2612 ab
1034 2535 1109 2612 illis
1153 2533 1312 2626 fuerint.

266 2647 365 2725 Sunt
409 2646 516 2725 enim
554 2643 601 2722 ad
640 2669 726 2723 eam
760 2645 846 2722 vitae
887 2639 1093 2726 rationem
1128 2671 1313 2734 accomo-

29 2724 35 2728 ι
121 2782 123 2786 ·
169 2777 173 2786 ’
224 2743 359 2846 uari,
386 2752 600 2864 edquenon
627 2753 800 2862 indigni:
841 2748 1122 2943 prasertim
1084 2781 1178 2836 curn
1195 2755 1318 2836 nihil
1438 2741 1439 2750 Ν

195 2895 196 2898 ‘
247 2864 371 2946 'aliud
404 2865 584 2958 habeant,
625 2863 672 2943 ad
705 2866 808 2973 quod
856 2890 877 2942 e
911 2883 1151 2956 convertant,
1193 2867 1313 2946 &in

158 3004 161 3012 ·
266 2980 402 3086 quod:
430 2991 651 3056 'exerceant-
696 2974 791 3056 adeo
822 2977 918 3056 utsr
953 2973 1160 3084 quishanc
1189 2978 1343 3058 vitam·
1426 3068 1432 3078 ,

105 3145 107 3152 ,
173 3163 175 3168 ,
227 3137 229 3148 ·
266 3088 343 3168 illis
363 3087 520 3180 adimat,
563 3089 702 3166 inertes
733 3085 838 3176 ilico,
881 3085 1037 3177 defides,
1080 3082 1313 3213 inutile'sque

267 3199 353 3279 smt
421 3197 714 3326 Quamobrem
722 3222 794 3276 nec
825 3197 895 3306 ipfi
927 3223 1009 3274 rem
1046 3196 1258 3306 aliquant
1248 3225 1312 3276 m·

266 3311 426 3418 dignam
446 3311 657 3418 patiuntur,
700 3333 771 3386 nec
790 3307 849 3386 illi
868 3307 1134 3388 contumeliosa
1153 3308 1312 3387 videan-

264 3441 343 3512 tur,
387 3420 413 3499 sr
432 3418 568 3530 (quod
593 3417 758 3509 aiunt)
747 3445 788 3496 ιιι
809 3418 1036 3498 matellam
1025 3419 1311 3510 amminxeriot.

269 3531 467 3609 Etenim
452 3557 534 3636 Janr
556 3523 645 3608 inde
672 3529 750 3608 ab
739 3530 852 3608 mitio
878 3528 925 3606 ad
944 3529 1195 3611 contumelias
1225 3529 1309 3607 illas

261 3643 387 3748 ‘parati
418 3640 536 3720 lese
525 3667 565 3719 ιιι
592 3638 757 3720 familias
788 3637 1006 3739 conferunt.
1065 3639 1117 3718 Et
1150 3636 1309 3730 illorum

267 3775 325 3830 ars
356 3749 422 3842 est,
478 3748 575 3830 ferre
619 3752 658 3829 dr
699 3751 847 3858 perpeti
893 3727 1081 3882 quicquid
1114 3746 1308 3830 acciderit.

269 3858 461 3970 Caete‘rdm
493 3861 599 3990 quod
624 3853 675 3942 ad
693 3863 860 3940 eruditos
889 3867 1037 3951 altinet,
1084 3859 1144 3940 de
1160 3859 1308 3966 quibus

263 3991 377 4100 antea
407 3961 668 4056 mentionem
665 3969 769 4063 feci,
809 3999 964 4080 aejquom
990 3969 1043 4052 est
1070 3987 1113 4050 ut
1145 3965 1309 4047 illiriu-
1325 4061 1327 4064 ¹
1411 3985 1439 4064 ’Ἴ

759 4082 798 4162 Β’
819 4081 845 4176 b
1163 4081 1312 4187 digner,
