2894 4720
123 237 202 362 388
440 245 481 328 Ly
503 249 544 328 U
573 247 607 330 C
636 247 656 329 l
685 235 792 358 AN
821 235 842 330 Ῑ

126 381 205 460 illis
227 368 387 488 proferri
404 375 575 468 solitum,
610 395 682 452 ‘eos
703 373 911 481 voluptatis
931 367 1052 480 gratia
1069 369 1177 452 mul-

129 488 253 598 tisque
280 503 401 594 ,atque
433 485 573 594 amplis
603 483 739 591 spebus
769 486 961 576 incitatos,
999 482 1040 560 in
1072 477 1177 561 divi·

125 612 214 681 'tumw
236 597 403 677 familias
430 595 584 686 insilire,
612 595 708 687 auri,
736 611 852 704 atque
871 593 1018 702 argenti
1037 593 1080 670 vi·
1102 591 1178 670 ob·

132 699 376 817 stupefactos,
415 707 454 786 dt
483 705 519 784 se
549 707 677 784 beatos
707 703 791 784 sore
828 705 1089 784 existimantes
1126 699 1181 779 ob

134 819 322 908 eonvrvia,
352 808 589 924 reliquasque
608 814 777 907 delicias,
795 806 798 814 ’
819 812 1085 922 sperantesque
1113 809 1180 890 sufl-

49 1022 51 1030 J
135 948 267 1010 turum
288 927 345 1006 uti
368 926 546 1033 jamjam,
586 926 741 1004 nemine
762 943 926 1016 vetante,
967 922 1114 1002 affatim
1131 943 1182 1000 ex
1252 958 1254 962 ¹

81 1120 83 1131 Α
136 1062 250 1119 aureo
270 1036 410 1144 poculo
430 1037 580 1114 bibant.
635 1035 734 1114 Haec
767 1033 852 1115 sunt
910 1061 966 1114 uae
996 1031 1083 1112 illos
1112 1032 1181 1109 ad·-

136 1151 300 1242 ducunt,
349 1163 463 1254 atque
494 1171 543 1224 ox
574 1144 704 1224 liberis
735 1063 1056 1225 servos'iaciunt:
1102 1165 1183 1236 non

137 1283 266 1337 rerum
297 1255 584 1337 necessariarum
596 1257 776 1364 penuria,
816 1282 936 1366 qoam
954 1268 1184 1362 preteritum,

81 1367 86 1376 ’
138 1369 202 1464 sed
233 1394 308 1446 non
340 1363 626 1446 necessariarum
647 1367 851 1473 cupiditas,
899 1384 1015 1472 atque
1046 1365 1186 1470 ingen·

79 1537 84 1546 ·
137 1481 240 1560 tiun't
288 1477 443 1556 illarum
488 1476 530 1555 &¹
566 1477 784 1586 amplarum
820 1503 944 1584 opum
979 1471 1184 1553 affectatio.

107 1654 111 1660 .
139 1591 275 1696 Itaque
303 1585 634 1698 quemadmodum
656 1586 811 1665 miseros
831 1587 934 1678 isius,
978 1603 1093 1691 atque
1122 1584 1187 1661 in-

139 1699 271 1780 felices
305 1714 489 1787 amantes,
528 1697 659 1776 callidi
691 1696 851 1806 quidam
884 1699 924 1774 dc
959 1712 1209 1774 veteratoree‘

141 1811 270 1890 umasri
290 1825 498 1915 receptant,
535 1809 574 1886 dt
603 1804 796 1886 fastidiose
816 1811 992 1901 tradant,
1022 1824 1066 1884 ut
1085 1804 1189 1904 sem-j
1287 1799 1289 1804 '

142 1942 211 2028 per
238 1919 311 1998 stnt
327 1917 483 1996 illorum
513 1916 657 2006 amasti,
678 1929 680 1934 ’
698 1943 855 2023 operam
877 1920 1029 2009 dantem
1068 1933 1185 1994 caete-

142 2027 230 2108 ritm
266 2054 336 2135 pto
372 2027 512 2104 amotis
548 2026 676 2106 fructu
713 2053 762 2104 ne
795 2026 990 2106 summum
1029 2025 1194 2133 quidem

142 2137 318 2218 osculum
344 2136 591 2242 impertiunt:
633 2129 805 2216 amorem
835 2134 940 2216 enim
959 2135 1059 2216 fasti
1077 2131 1196 2241 copia

55 2277 63 2294 ·
144 2247 367 2328 dissolutum
405 2243 453 2330 iri
485 2244 727 2354 intelligente
773 2246 875 2326 hanc
905 2245 1026 2354 igitur
1057 2253 1192 2326 amaris

143 2355 398 2468 dissolutionem
417 2375 563 2450 arcent,
597 2357 637 2436 de
662 2357 866 2464 diligenter
884 2377 1042 2449 cavent3
1085 2355 1192 2464 quod

65 2461 71 2472 ’
146 2471 288 2550 adalia
307 2469 457 2560 attinet,
503 2487 698 2548 amantem
731 2469 794 2577 spe
831 2469 980 2576 semper
1005 2469 1190 2547 retinente

143 2573 328 2662 metuunt
347 2580 452 2679 enim
485 2597 533 2658 n'e
549 2578 769 2687 desperatio
786 2577 900 2658 illum
925 2605 946 2656 a
964 2578 1199 2658 vehemente·
1223 2642 1226 2651 .

149 2692 366 2798 cupiditate
391 2689 583 2781 abducar·
613 2683 887 2797 amantemque
923 2715 943 2764 a
979 2689 1016 2768 se
1041 2689 1194 2767 alienet.

146 2801 316 2883 Proinde
335 2799 513 2890 arrident,
539 2791 864 2907 pollicenturque,
895 2800 934 2877 &
950 2799 1098 2906 semper
1111 2796 1196 2876 sac·

92 2973 100 2992 s
152 2914 231 2991 turi
269 2910 366 3000 sunt,
404 2909 629 3018 sempquue
679 2909 944 3014 gratificaturi,
971 2909 1197 3016 stinpe'rque

150 3021 368 3124 ingentium
389 3018 614 3125 sumptuum
633 3023 820 3098 rationem
838 3017 1043 3128 habiturir
1071 3022 1195 3098 donee

72 3145 75 3152 '
144 3131 416 3237 imprudenter
436 3131 554 3207 ambo
572 3126 776 3220 senuerint,
805 3149 919 3236 atque
939 3133 1092 3238 utrique
1110 3131 1196 3235 jarn

154 3239 376 3347 praeterierit
396 3255 498 3330 atas,
528 3237 621 3318 huic
639 3239 686 3317 ad
702 3240 926 3332 amandum·
956 3241 1013 3318 illi
1033 3239 1079 3317 ad
1099 3243 1198 3318 dan·-

146 3355 265 3434 dum.
318 3350 452 3456 ltaque
471 3347 570 3429 nihil
585 3351 670 3457 ipsrs
691 3352 730 3428 in
750 3352 859 3428 omni
875 3351 953 3430 viti
972 3351 1071 3430 ultra
1091 3350 1197 3455 spem

147 3487 290 3540 meram
323 3455 390 3550 est
410 3463 620 3564 peradlum.
666 3464 739 3568 'Ac
773 3457 859 3539 sane
878 3479 1034 3569 propter
1059 3462 1223 3566 volup-1

118 3573 243 3650 'tatis
281 3569 534 3676 cupiditatem
572 3571 705 3648 omnia
753 3569 864 3661 serre,
923 3585 999 3651 non
1036 3570 1201 3650 omnino

155 3677 255 3759 sorte
274 3680 368 3768 vitio
381 3677 631 3771 vertendum:
674 3676 770 3786 quin
809 3683 931 3786 magis
961 3683 1070 3760 venia
1103 3680 1214 3774 dan-7

151 3789 203 3867 da
242 3789 355 3896 siquis
388 3787 583 3894 voluptate
628 3791 814 3895 capiatur,
871 3795 910 3870 ἂ
947 3791 1047 3870 hanc
1076 3792 1200 3868 unde-

147 3917 309 4008 ‘quaque
337 3891 572 3979 co'nsesletur
600 3917 648 4020 ur·
674 3900 717 3978 eri
744 3902 931 4010 potiatur:
977 3927 1201 4013 quanquam

858 4038 860 4046 ’
1090 4031 1201 4118 turpe
1239 4029 1241 4036 ’
1300 4031 1304 4038 ·
