2914 4724
177 309 257 435 gu
435 245 966 388 Luernnr

175 429 310 528 deunt,
358 445 395 513 te
415 431 511 542 saepe
530 431 660 512 vidiffe
692 431 876 513 existimo
899 407 1099 516 histriones
1130 427 1223 520 istos

176 549 356 654 tragicos,
386 543 465 652 qui
495 539 705 624 secundirrn
725 537 983 624 neceffitatem
1003 543 1222 638 dramatum

126 685 130 700 ·
176 657 296 753 rnodb
327 656 525 746 Creontes,
573 651 703 732 modb
730 655 876 734 Priami
895 653 1007 749 fiunt,
1053 658 1093 736 be
1107 664 1219 768 .-Aga

112 843 116 852 ,
176 793 416 875 memnones
468 767 520 845 Et
542 783 584 844 ut
608 764 729 857 idern,
772 765 902 845 fisors
921 767 1067 859 tulerit,
1107 757 1266 876 paulb*

177 872 266 959 ante
284 879 448 986 graviter
476 873 688 955 admodum
717 879 897 984 Cecropis
927 893 992 955 aut
1011 878 1222 959 Erechthei

175 989 375 1071 formam
364 987 553 1078 imitatus,
582 983 699 1122 paulo
716 985 799 1093 post
813 985 937 1066 servus
957 1013 979 1065 a
1005 987 1125 1067 Poeta
1137 990 1224 1096 jus·
1289 1065 1299 1084 ,

176 1100 236 1180 sus
275 1097 530 1207 progreditur
586 1091 821 1204 Cumque
805 1125 891 1206 Jam
932 1096 1063 1176 fabula
1101 1099 1222 1179 finem

176 1209 367 1301 habuerit,
429 1207 601 1316 ipsorum
634 1207 889 1316 unusquisque
933 1208 1076 1288 vestem
1106 1205 1224 1289 illam

177 1347 270 1400 auro
297 1303 517 1415 'distinctam
536 1343 695 1410 exuens,
723 1318 924 1425 personam
945 1317 1225 1426 deponens&

176 1459 226 1512 ex
268 1397 466 1512 cothurnis
511 1427 753 1518 descendens,
812 1455 958 1538 pauper
989 1433 1029 1509 be
1062 1424 1224 1510 humilis

177 1541 423 1631 obambulat,
482 1566 554 1620 nec
596 1535 762 1646 amplibs
797 1543 1071 1647 Agamemnon
1114 1541 1226 1618 Atrei

178 1653 295 1744 filius,
350 1679 420 1730 nec
458 1652 584 1729 Creon
622 1650 820 1729 Menoecei
858 1651 972 1743 filius,
1017 1649 1078 1729 sed
1108 1651 1225 1729 Polus

179 1764 374 1857 Chariclei
407 1759 611 1853 Suniensrs,
659 1780 724 1839 aut
759 1763 914 1871 Satyrus
954 1758 1225 1841 Marathonius

178 1873 437 1978 Theogitonis
456 1871 557 1950 filius
578 1875 809 1952 nominatur.
868 1874 930 1951 Sic
950 1873 996 1952 se
1015 1871 1224 1952 hominum
1338 1895 1342 1902 ⁴

178 2012 236 2064 res
256 1983 414 2074 habent,
463 2001 504 2060 ut
535 1982 635 2061 mihi
667 2001 751 2062 tum
784 1983 968 2092 spectanti
999 1984 1124 2063 visum
1156 1981 1224 2063 est.

177 2096 258 2176 Par
288 2094 378 2184 Dic,
428 2093 632 2200 Menippe,
685 2095 745 2172 isti
781 2095 850 2220 qui
887 2093 969 2171 haec
1006 2093 1227 2201 sumptuosa

109 2224 110 2232 ’
179 2199 402 2311 excelsaque
422 2203 621 2311 sepulchra
646 2203 843 2284 habentia
864 2204 986 2294 terrie,
1016 2203 1226 2284 &colum-

178 2341 261 2409 nas,
291 2317 552 2422 &imagines
587 2315 792 2409 &titulos
823 2311 994 2394 nrhrlbne
1013 2315 1113 2422 apud
1135 2315 1225 2393 rllos
1325 2401 1350 2418 ,1

177 2430 340 2538 plebeiis
379 2427 568 2506 defunctis
607 2427 693 2516 suut
738 2423 1026 2506 honoratiores?
1097 2427 1223 2506 ΜΕΝ.

179 2542 293 2621 Heus
327 2555 368 2616 tu
403 2540 579 2646 nugaris:
638 2538 664 2616 sr
701 2537 805 2616 enim
839 2536 1066 2615 Mausolum
1097 2535 1225 2642 ipsum

178 2649 341 2740 vidiffes,
379 2653 544 2786 (Carem
573 2647 690 2726 illum'
721 2649 831 2727 dico
838 2647 1037 2755 sepulchro
1054 2647 1225 2753 perceie·
1338 2704 1341 2711 -

178 2761 310 2865 brem)
351 2757 471 2866 probe
504 2760 593 2848 scio,
638 2757 765 2837 vridere
802 2785 1002 2865 nunquam
1038 2755 1222 2836 defiiffes.
1256 2749 1262 2760 ’

129 2879 136 2890 “
179 2891 262 2950 tam
293 2866 439 2976 abjecte
459 2869 500 2946 in
533 2867 793 2954 occultoloco
835 2867 1039 2974 prostratus
1070 2867 1146 2960 est,
1181 2869 1225 2944 in

180 2979 328 3116 reliqua
364 2997 605 3084 mortuorum
639 2977 752 3057 turba
785 2978 1030 3058 delitescens:
1074 2995 1226 3057 tanturn

178 3088 342 3180 fruetus,
372 3109 415 3169 ut
433 3087 531 3167 mihi
554 3089 715 3196 quidem
737 3089 950 3180 videbatur,
980 3116 1027 3168 ex
1046 3089 1116 3167 illo
1136 3113 1225 3166 mo-

157 3220 370 3280 numento
385 3202 611 3306 percipiens,
643 3199 681 3276 in
699 3218 887 3307 quantum
903 3217 981 3278 tam
997 3226 1110 3308 grave
1126 3217 1225 3304 ponss

179 3314 252 3390 dus
287 3311 365 3388 fibi
378 3311 608 3448 impofitum
649 3308 793 3388 habens
823 3311 1062 3418 gravabatur
1116 3309 1226 3388 Post-

142 3437 144 3446 ’
180 3449 299 3528 quarn
327 3421 447 3510 enim,
487 3422 512 3498 ὃ
532 3421 668 3510 amice,
705 3421 846 3498 AEacus
867 3421 1076 3547 unicuique
1093 3421 1226 3502 locum

155 3532 382 3610 'demensus
413 3529 465 3608 est
507 3531 589 3632 (dat
622 3547 750 3614 autem
779 3531 844 3609 cui
873 3533 1106 3622 maximum,
1147 3557 1227 3610 non

176 3643 268 3772 'pius
302 3668 440 3750 quarn
459 3641 647 3746 pedem)
664 3639 808 3744 neceffe
837 3641 890 3720 est
923 3667 968 3720 eo
998 3659 1226 3720 contentum

174 3756 316 3858 jacere,
365 3752 410 3830 ad
442 3750 657 3828 mensuram
676 3747 754 3828 loci
761 3755 1015 3832 contreetum.
1075 3751 1226 3832 Risrffes

173 3883 325 3956 autem,
355 3861 505 3969 opinor,
536 3859 818 3968 multomagis,
847 3861 1131 3955 huidiffeseos,
1157 3865 1227 3968 qui

172 3976 282 4118 ‹ipurl
320 4000 392 4054 nos
425 3997 531 4081 reges
564 3969 721 4054 fuerunt
754 3973 793 4052 bc
822 3971 988 4083 satrapae,
1029 3973 1130 4082 apud
1160 3995 1226 4175 Eos

887 4117 892 4126 '
1071 4107 1160 4168 men
1188 4107 1203 4164 l
