2914 4724
433 263 1321 447 Nacrounuu1n²a7

195 475 197 482 “
269 473 461 558 narrantes
495 458 597 538 bella
625 459 666 538 dr
690 457 907 550 seditiones,
954 482 1032 538 non
1062 457 1320 576 semideorum
1373 531 1375 536 ,

247 551 402 660 modis,
431 569 680 676 sedipsorum
699 571 818 650 etiam
834 568 1024 658 Deorum,
1054 588 1231 688 ptaeterea
1249 595 1320 648 eo-
1357 601 1360 606 ·
1444 562 1447 570 ’

266 679 434 760 cundem
455 679 667 773 adulteria,
688 680 901 772 violentias,
929 681 1096 786 rapinas,
1113 663 1319 788 supplicia,
1434 696 1439 708 ’

164 787 165 790 ‘
268 809 423 898 patrum
442 791 694 898 expulsiones,
740 790 905 876 fratrum
942 792 981 868 bo
1012 791 1184 870 sororum
1215 816 1322 897 nup
1368 791 1372 802 “

268 904 354 1006 tias,
385 899 466 983 haec
480 905 611 980 omnia
629 903 805 1012 praeclara
819 901 1025 992 ducebam,
1046 927 1118 980 nec
1132 903 1257 980 obiter
1271 902 1321 999 ad

141 1053 143 1060 ·
268 1037 314 1089 ea
346 1013 595 1120 perpetranda
615 1015 811 1092 movebar.
870 1011 1074 1120 Postquam
1108 1039 1197 1090 vero
1217 1012 1321 1120 coepi

268 1121 358 1200 viris
384 1126 641 1248 annumerari,
688 1123 754 1204 hic
783 1121 918 1202 contra
949 1125 1052 1230 leges
1071 1123 1199 1206 audivi
1223 1150 1322 1202 con-

268 1235 381 1330 traria
401 1233 522 1339 poetis
537 1233 733 1339 jubentes,
763 1260 834 1314 nec
854 1233 1040 1312 adulteria
1058 1235 1320 1326 committere,

269 1366 340 1422 nec
359 1341 560 1424 seditiones
578 1371 748 1437 movere,
778 1371 849 1424 nec
865 1346 1012 1452 rapinas
1033 1369 1221 1424 exercere
1273 1347 1323 1424 In
1452 1405 1453 1418 ,

269 1452 411 1559 magna
446 1455 567 1560 igitur
591 1455 832 1536 dubitatione
863 1455 1133 1548 constituebar,
1173 1454 1321 1534 nescius

269 1583 350 1674 quo
368 1567 481 1672 padio
501 1593 564 1644 me
582 1593 770 1673 gererem.
828 1560 979 1702 Neque
989 1593 1094 1644 enim
1114 1556 1219 1652 Deos
1245 1591 1323 1644 un·
1355 1665 1358 1672 Ι

270 1701 391 1784 quarn
420 1679 552 1783 putavi
580 1677 767 1756 adulteria
806 1673 1043 1786 perpetrasse,
1091 1675 1131 1754 do
1164 1675 1323 1754 seditio-

198 1872 205 1884 *
271 1813 338 1866 nes
375 1787 477 1866 inter
507 1787 544 1865 se
580 1787 800 1904 exercuisse,
849 1787 918 1866 nisr
957 1787 1004 1866 de
1036 1785 1097 1865 his
1137 1805 1323 1894 tanquam
1388 1797 1391 1804 '

268 1897 383 1990 bonis
413 1885 660 2003 judicassentr
711 1927 781 1980 nec
816 1899 1088 2006 legumlatores
1128 1895 1189 1974 his
1218 1913 1323 1975 con·

272 2011 386 2088 traria
412 2009 569 2137 juffisse,
613 2009 682 2090 nist
716 2009 758 2090 id
782 2011 997 2122 conducere
1034 2007 1335 2088 existimassent·
1375 2015 1406 2101 ,’

272 2120 473 2227 Qroniam
516 2121 635 2228 igitur
685 2122 726 2202 in
771 2121 893 2200 dubio
930 2149 1049 2212 eram,
1107 2119 1231 2198 visum
1270 2121 1325 2198 est

199 2227 203 2234 ¹
249 2230 373 2316 .mihi
403 2229 475 2310 hos
512 2231 614 2310 adire
645 2233 713 2339 qui
748 2231 968 2340 philosophi
999 2249 1196 2321 vocantur,
1244 2218 1325 2317 his·
1386 2305 1395 2316 ,

172 2385 175 2391 -
272 2342 404 2452 quein
425 2369 561 2422 manus
581 2359 644 2422 me
660 2343 811 2435 dedere,
860 2343 898 2419 δε
919 2368 1050 2449 rogare
1076 2360 1118 2420 ut
1143 2367 1213 2420 me
1247 2339 1325 2448 qua

273 2453 458 2532 vellent
447 2481 488 2532 rn
508 2479 547 2530 re
568 2471 775 2544 uterentur,
821 2455 985 2559 vitaeque
1018 2455 1121 2530 viam
1152 2452 1325 2578 aliquam

205 2629 209 2640 .
273 2563 1070 2670 fimplicem&certamcommonsrarent.
1129 2561 1257 2639 Haec
1247 2563 1324 2667 rgi-

276 2691 338 2750 tur
358 2699 514 2751 mecum
534 2693 712 2780 reputans
738 2677 783 2750 ad
803 2699 866 2752 eos
887 2675 961 2771 ivi,
992 2674 1247 2800 imprudens
1236 2671 1324 2748 verb

274 2809 340 2861 me
359 2809 407 2860 ex
431 2784 571 2862 sumo
562 2811 601 2860 rn
621 2784 761 2890 ipsum,
794 2802 836 2861 ut
860 2785 980 2874 aiunt,
1010 2786 1143 2889 ignem
1162 2782 1325 2888 conjeci.

167 2917 169 2922 ·
254 2895 395 3000 'Apud
425 2895 511 2972 illos
543 2897 648 2972 enim
688 2889 876 3002 praecipue
909 2895 1166 2999 ignorantiam
1201 2893 1326 2998 majo·
1384 2907 1386 2914 ’

275 3000 437 3114 rquue
453 3006 742 3112 perplexitatem
764 3006 996 3084 observando
1016 3007 1185 3112 repperi.
1231 3001 1326 3081 adeb

277 3134 322 3194 ut
341 3143 494 3195 auream
514 3118 761 3244 privatorum
782 3117 901 3196 vitam
926 3117 997 3195 effe
1015 3118 1105 3194 ilico
1132 3113 1273 3194 mihi
1264 3143 1327 3192 rn·
1330 3111 1333 3118 ’

257 3221 454 3307 dicarint.
513 3228 625 3306 Alius
650 3230 836 3306 nimirum
858 3229 924 3304 uni
945 3255 1007 3306 me
1027 3225 1213 3333 voluptati
1225 3253 1328 3332 ope·
1359 3319 1363 3326 μ

277 3365 360 3420 ram
381 3341 483 3430 dare,
514 3341 552 3418 dc
565 3336 646 3414 hoc
660 3337 784 3416 solum
800 3338 1040 3416 omnimodo
1057 3337 1229 3445 persequi
1244 3334 1331 3442 jus

277 3438 336 3548 sit,
353 3448 429 3528 hoc
445 3446 874 3540 enimeffefelicitatem
889 3439 1000 3528 dixit.
1043 3447 1215 3527 Rursum
1232 3449 1331 3525 alius
1453 3505 1455 3512 a

219 3557 224 3572 ’
267 3560 442 3638 omnino
487 3560 631 3638 labori-
634 3560 872 3650 incumbere,
923 3553 1136 3667 corpusque
1179 3558 1333 3636 sordido

277 3667 550 3778 squaliddque
559 3669 668 3748 cultu
689 3672 875 3775 subigere,
902 3671 1122 3749 omnibus
1133 3666 1332 3747 morosum
1375 3701 1378 3706 ·
1418 3739 1423 3765 ,

280 3781 604 3905 mepraebentem,
635 3783 673 3860 dt
690 3782 838 3888 probris
852 3781 1114 3869 infestantem,
1145 3773 1333 3855 continub

121 3898 126 3920 '
230 3910 232 3930 ¹
279 3891 442 3978 recitans
468 3891 632 3974 celebria
655 3893 722 3970 illa
756 3891 914 3976 Hesiodi
942 3893 989 3969 de
1015 3889 1162 3968 virtute
1189 3887 1334 3966 carmi-

280 4029 343 4097 na,
374 4002 414 4082 dc
444 4001 635 4099 sudorem,
682 4005 723 4084 dc
760 4002 985 4188 asceJJrsum
975 4029 1014 4080 rn
1040 3999 1184 4082 montis
1217 3997 1335 4080 vetti

893 4137 915 4191 a
1230 4132 1333 4195 cem.
