2894 4720
296 290 371 370 oa
400 245 717 382 maicone
745 277 1146 388 eououcrm.
1184 305 1278 401 4ηΙ
1332 295 1335 306 ·

9 411 11 444 ⁵
140 493 144 502 .
226 413 529 506 submonuerit„
552 405 645 491 cbm
674 411 711 489 ei
740 392 988 490 commissum
1020 407 1110 489 esset
1146 436 1269 520 nego-

169 559 195 566 ”
225 527 341 618 tium,
370 523 562 634 optimam
581 519 724 600 vestem
753 522 930 630 elegerit:
973 547 1107 622 omnes
1138 521 1270 628 itaque

225 640 398 743 accepto
407 632 559 742 praemio
578 630 792 726 discedunt,
834 631 988 741 insuper
1018 629 1270 722 mullitantes,¹

216 745 332 854 'qubd
350 744 461 852 plura
488 770 565 824 non
586 741 749 822 dederis.
788 741 995 844 ,Salarium
1019 741 1125 820 enim
1144 739 1272 848 ipsum

9 837 11 854 ’
101 851 103 874 '
216 856 278 946 est
325 857 490 934 duorum
541 852 705 944 circiter,
765 851 1008 962 &tquatuor
1044 849 1293 951 obolorumt·
1402 833 1438 928 ἦ

175 1054 178 1065 ,
223 965 387 1073 idquesi
413 983 455 1044 tu
475 963 654 1072 postules,
695 963 835 1068 gravis,
878 963 918 1041 de
943 963 1190 1069 importunus
1211 960 1286 1040 vi-'

224 1076 346 1156 deria
389 1072 483 1181 Qb
502 1073 632 1180 ,igitur
651 1073 829 1179 accipias,
870 1069 964 1180 hero
993 1070 1272 1152 blandiendum

223 1185 278 1266 est
306 1187 347 1266 dc
379 1182 693 1293 supplicandum:
743 1181 797 1260 est
822 1183 861 1260 δε
892 1181 1109 1289 εειρῐαηάιιεχ
1133 1182 1272 1262 officiis
1358 1259 1361 1266 .

224 1293 467 1388 (economus.
523 1292 668 1400 Estque
705 1290 772 1371 hic
798 1293 893 1374 alius
926 1293 1044 1372 etiam
1077 1291 1271 1372 servitutis

88 1467 92 1477 .
224 1406 378 1486 modus.
429 1399 972 1512 ¹Nequeverb-negligendus
992 1403 1037 1493 is,
1081 1425 1201 1515 quem
1229 1403 1272 1482 in

224 1516 427 1614 eonsilium
453 1513 624 1605 adhibet,
653 1515 693 1591 dc
721 1513 790 1623 qui
819 1513 966 1592 amicus
992 1512 1061 1594 est,
1091 1513 1272 1610 rDeinde

255 1626 329 1704 uod
348 1625 553 1732 acceperis,
593 1627 677 1728 jam
691 1621 845 1730 dudum
865 1621 1075 1702 debebatur
1105 1623 1167 1704 vel
1203 1650 1271 1702 ve·

222 1655 364 1830 iliano,
393 1735 454 1816 vel
469 1723 638 1826 medicei,
657 1733 716 1814 vel
730 1733 1106 1842 cerdonicuipiam.-
1139 1734 1271 1840 Qare
1323 1816 1324 1825 Ν

224 1847 338 1942 dona,
358 1873 454 1954 -quae
472 1845 628 1952 accipis,
656 1869 727 1952 pro
741 1841 995 1924 donishaberi
1011 1843 1268 1954 non’poffunt,

224 1955 288 2036 sed
307 1955 392 2036 sunt
408 1952 554 2057 prorsus
572 1954 744 2046 inutilia;
784 1954 929 2033 invidia
946 1952 1035 2036 verb
1055 1959 1176 2036 multa
1190 1955 1268 2038 est:
1321 1971 1322 1976 ’

224 2065 440 2174 quinetiam
470 2057 819 2171 calumniasensrm
847 2066 1038 2171 excitatur
1069 2067 1173 2173 apud
1208 2069 1270 2146 ai-

222 2205 312 2256 rum
345 2177 413 2286 qui
445 2177 528 2282 jam
548 2175 722 2288 libenter
749 2175 934 2268 admittit,
981 2177 1118 2286 fiquid,
1136 2196 1270 2257 contra

157 2308 159 2312 ’
222 2287 457 2368 redicatur:
506 2287 653 2393 quippe
689 2285 758 2392 qui
783 2287 985 2392 perspiciat
1015 2283 1152 2393 tejam
1182 2287 1268 2365 alli-
1342 2305 1344 2308 ’

108 2425 123 2444 ·
222 2398 311 2486 duis,
334 2397 530 2492 laboribus
560 2395 749 2484 attritum,
793 2396 832 2472 bc
864 2394 911 2473 ad
940 2396 1075 2474 munia
1098 2395 1269 2476 famula·
1362 2443 1366 2457 «

222 2504 285 2585 tos
314 2503 491 2583 obeunda
516 2503 814 2595 claudicantem,
847 2513 976 2610 'atque
1009 2504 1295 2598 deficientem,

223 2619 263 2692 de
295 2615 608 2725 podagram-tibi
637 2613 910 2693 suborientem.
970 2606 1133 2698 Proinde
1162 2617 1268 2724 post·
1349 2657 1352 2666 ·

176 2753 181 2776 1
222 2751 388 2836 eaquam
423 2725 465 2802 id
495 2724 706 2832 quoderat
734 2725 775 2802 in
801 2723 1164 2806 teflorentiffimum
1198 2728 1267 2808 de·
1386 2725 1390 2752 '

148 2927 149 2930 q
221 2835 372 2944 cerpfit,
436 2829 582 2943 aeviqu'e
620 2852 769 2944 partem
811 2831 982 2924 maxime
1026 2834 1266 2944 frugiferam,
1343 2941 1346 2946 Δ

223 2971 268 3028 ac
301 2945 540 3054 precipuum
560 2947 728 3054 corporis
748 2947 921 3052 vigorem
951 2947 1119 3044 detrivit,
1166 2939 1282 3048 jam-'

224 3084 301 3167 que
338 3073 376 3135 te
409 3057 580 3136 lacerum
616 3082 787 3163 pannum
823 3056 1001 3154 reddidit,
1062 3074 1148 3137 tum
1189 3060 1301 3140 'cir-v

221 3165 427 3274 cumspicit
443 3167 484 3246 in
500 3167 614 3274 ¹quod
633 3165 916 3274 sterquilinium
953 3185 992 3245 te
1022 3163 1268 3276 deportatum

166 3291 169 3299 “
222 3278 392 3385 abjiciat,
438 3294 554 3384 atque
587 3276 707 3356 alium
743 3276 884 3369 exiis,
926 3279 994 3384 qui
1031 3278 1291 3386 perferendia
1346 3340 1350 3349 f

221 3385 416 3470 laboribus
449 3387 546 3466 sunt
586 3387 729 3478 idonei,
776 3389 817 3464 in
852 3403 964 3467 tuum
1002 3387 1136 3470 locum
1167 3391 1268 3472 afl'u-
1337 3471 1344 3477 ,
1437 3463 1438 3470 ,

221 3516 315 3578 mat.
349 3497 434 3596 lbi
465 3497 718 3588 insimulatus,
758 3498 817 3575 vel
838 3497 943 3606 quod
962 3500 1161 3606 pusionem
1185 3503 1267 3607 ejus

98 3605 100 3610 '
168 3647 172 3657 ·
220 3606 393 3701 tentaris,
433 3608 493 3690 vel
523 3604 628 3716 qubd
647 3607 769 3687 homo
788 3607 900 3688 senex
926 3612 1055 3688 uxoris
1085 3609 1265 3690 ancillam

9 3976 13 3998 «
116 4005 120 4010 -
223 3935 283 4033 dit
299 3936 465 4022 desertus
483 3939 530 4022 ab
547 3939 744 4037 omnibus,
782 3942 827 4023 1&
862 3967 990 4023 rerum
1007 3939 1185 4024 omnium
1204 3941 1268 4020 in·

201 3717 412 3823 ¹uirginem
437 3715 594 3810 vitidris,
636 3718 696 3798 vel
724 3715 818 3798 alins
838 3707 1058 3828 hujusmodi
1077 3721 1267 3819 criminis,
1310 3713 1316 3720 ’

221 3831 341 3906 noctu
366 3828 585 3920 obvolutus,
628 3829 669 3908 in
693 3831 881 3910 cervicem
911 3828 1101 3922 extrusus,
1144 3829 1267 3910 disce-

1182 4073 1270 4165 ⁰P⁵r

1172 4398 1175 4408 -
1246 4349 1253 4418 i
