2894 4720
168 353 247 442 yz
489 321 894 404 LUCIANI

170 463 262 544 rode
280 462 335 540 ita
362 471 409 536 ut
437 455 551 536 facis:
599 478 644 538 tu
676 457 835 540 iuterim
866 453 1116 538 Thesaurum
1151 454 1226 538 sub
1293 525 1306 543 .

173 574 348 682 ligonem
386 569 588 649 adducito:
636 570 709 646 tibi
741 571 850 646 enim
879 567 1109 646 inclamanti
1140 571 1231 647 aus-

173 684 350 762 cultabit.
407 683 522 760 Tru.
540 677 838 769 Parendumest,
867 679 1058 769 Mercuri,
1088 673 1230 756 rursus-

173 820 253 902 que
279 793 559 872 ditescendum.
616 789 724 897 Qid
744 793 849 868 euim
870 788 1002 879 facias,
1046 784 1139 867 cium
1159 789 1232 868 Dii

173 904 244 1094 ipsi
276 900 538 1010 compellant?
588 917 719 978 tamen
747 900 834 978 vide
870 904 913 980 in
939 919 1037 1008 quot
1057 928 1123 977 me
1151 901 1231 976 mi·
1292 921 1300 930 ·

215 1040 301 1093 rum
331 1013 574 1116 conjetlurus
605 1011 652 1089 fis
690 1012 959 1101 incommoda,
1007 1011 1090 1118 qui,
1134 1007 1231 1088 cirm

173 1121 360 1206 haetenus
392 1117 608 1228 feliciffrmd
646 1121 831 1212 vixerim,
878 1121 1133 1200 tantumauri
1166 1149 1232 1198 re-

176 1232 294 1344 pentd
326 1252 552 1341 accepturus
590 1233 676 1324 sim,
723 1233 763 1310 δι
795 1250 854 1310 tot
887 1232 1085 1338 tantasque
1120 1255 1233 1308 curas

178 1345 434 1452 suscepturus,
478 1339 570 1424 ciam
591 1343 689 1422 nihil
722 1343 817 1422 mali
842 1343 1019 1424 fecerim.
1077 1341 1233 1420 Mruc.

41 1457 42 1460 ‘
180 1456 344 1550 Sustine,
384 1457 551 1548 Timon,
594 1454 683 1534 med
705 1454 840 1562 gratiai,
880 1453 1028 1532 tametfi
1047 1479 1161 1560 grave
1180 1451 1236 1530 est

178 1565 295 1660 istud,
340 1568 381 1647 dt
417 1565 719 1654 intolerandum,
764 1563 844 1671 quo
883 1564 1062 1642 videlicet
1095 1565 1234 1672 palpo-

179 1705 248 1758 nes
283 1677 341 1756 illi
373 1675 519 1756 invidit
539 1683 776 1782 rumpantur.
838 1675 927 1782 Ego
957 1696 1087 1754 autem
1119 1674 1235 1781 supe-

180 1785 263 1868 ratd
294 1785 414 1868 AEtni
445 1787 486 1864 iu
518 1787 663 1865 coelum
695 1785 888 1864 revolabo.
946 1785 1090 1866 Prur.
1120 1786 1235 1867 Abiit

180 1897 343 2008 quidem
378 1897 460 1989 ilie,
506 1917 550 1976 ut
586 1897 686 1976 mihi
720 1897 885 1988 videtur,
928 1925 1019 1976 nam
1050 1896 1237 1974 exremi-

180 2010 249 2117 gio
268 2009 417 2086 alarum
440 2007 627 2114 conjicio;
663 2025 711 2086 ‚tu
742 2007 831 2086 verb
849 2007 917 2088 hic
936 2007 1111 2116 opperire
1123 2040 1136 2098 3
1166 2005 1237 2083 ubi

181 2120 290 2199 enim
328 2119 473 2212 abiero,
525 2115 771 2200 Thesaurum
803 2117 851 2196 ad
889 2138 927 2197 te
963 2117 1237 2198 transmittam.

119 2256 122 2268 ·
183 2230 258 2310 Sed
279 2245 419 2308 terram
437 2226 508 2307 feri
529 2224 682 2338 potiusr
729 2247 768 2308 te
787 2230 996 2340 compello,
1026 2227 1107 2311 auri
1121 2227 1237 2306 The-

184 2339 311 2440 saurer,
353 2341 568 2419 Timonem
582 2337 695 2420 'hunc
713 2341 868 2432 exaudi,
908 2344 948 2421 tr
967 2359 1006 2420 te
1031 2337 1128 2419 offer
1146 2365 1239 2417 eru·

185 2451 348 2532 endum.
404 2451 503 2531 Fodi
537 2451 719 2544 Timon,
745 2449 821 2532 alte
859 2453 1032 2560 ligonem
1065 2449 1242 2556 adigens,

185 2579 225 2642 at
253 2589 327 2672 ego
358 2588 391 2640 a
411 2563 526 2642 vobis*
557 2561 765 2644 discedam.
822 2563 939 2643 Trru.
969 2566 1056 2670 Age
1073 2558 1176 2652 verd,
1209 2558 1239 2638 ὃ

184 2669 282 2784 ligo,
330 2697 434 2753 nunc
468 2675 691 2776 corrobores
738 2673 919 2784 teipsum,
967 2699 1094 2782 neque
1114 2667 1238 2780 porro
1278 2745 1282 2756 ,

186 2783 409 2892 defatigere,
465 2783 560 2864 dum
599 2784 843 2866 Thesaurum
894 2811 943 2864 ex
969 2804 1077 2863 terrae
1115 2809 1237 2892 perre-

186 2893 346 2976 tralibut
384 2893 425 2974 in
462 2893 594 2974 lucem
627 2897 741 2974 eruis.
819 2895 928 2975 Hem
966 2893 1237 3003 prodigiorum

187 3003 326 3084 author
353 3003 520 3113 Jupiter,
566 3003 683 3086 amici
709 3007 963 3116 Corybantes,
1009 3033 1054 3086 ac
1082 3003 1244 3082 luctifer

186 3109 377 3207 Mercuri,
425 3113 527 3194 unde
565 3117 645 3196 auri
682 3117 860 3196 tantum?
909 3143 1006 3196 num
1043 3115 1240 3194 somnium

187 3222 266 3304 hoc
301 3223 378 3304 est?
442 3245 575 3305 metuo
611 3253 659 3304 ne
691 3229 874 3308 carbones
913 3245 1128 3334 reperturus
1165 3223 1241 3303 srm

187 3339 444 3444 experrectus,
503 3337 627 3446 Atqui
660 3363 798 3418 aurum
824 3335 997 3447 profesto
1024 3335 1078 3416 est
1111 3335 1240 3444 signa·

188 3453 290 3536 tum,
338 3444 622 3540 subrubescens‚
681 3448 952 3554 ponderosum,
1010 3447 1050 3526 δε
1086 3445 1242 3552 pipedtu

188 3549 309 3664 qudm
346 3555 621 3664 gratiffimum:
680 3557 705 3635 d
743 3585 880 3638 aurum
913 3561 1048 3666 ingens
1086 3557 1242 3666 generis

187 3663 351 3746 humani
386 3665 556 3758 bonum,
603 3693 772 3775 namque
800 3671 901 3776 iguis
937 3667 1053 3747 instar
1091 3663 1241 3745 eximi&

187 3777 308 3856 micas
338 3795 423 3856 tum
454 3777 571 3866 nodtu
602 3795 686 3856 tum
711 3780 892 3860 interd-iu.
950 3778 1055 3857 Ades
1077 3779 1113 3888 1ὃ
1138 3775 1260 3856 mihr'
1312 3867 1315 3875 Ι

186 3885 466 3980 ohariffimum,
517 3887 557 3966 dc
590 3887 962 3970 defideratiffimum:
1026 3915 1130 3968 nunc
1167 3888 1241 3966 de-

130 4083 132 4090 ,
187 4000 430 4080 mumcr'edo
459 3997 494 4079 dt
520 3997 660 4103 Juvem
676 3999 803 4110 ipsum
818 4009 954 4082 aurum
986 3997 1242 4082 effetarum.

1136 4109 1244 4216 Qae
