2894 4720
300 373 302 376 ·
335 379 411 476 ΠΕ
442 345 1181 490 Mancboncovnucrrs.
1226 397 1309 504 40,

263 530 345 602 tem
381 517 605 625 impastum,
652 509 927 623 imporitmque
956 511 994 592 ie
1028 539 1109 592 nox
1139 533 1309 626 occupa*

140 621 143 629 ’
261 629 333 717 vit,
382 627 447 705 vix
482 623 749 734 intempestive
786 625 886 702 lotus
918 625 1019 703 circa
1046 627 1202 705 noctem
1226 625 1309 708 ferri

261 736 434 817 mediam
474 738 521 816 ad
543 737 702 817 'coenam
739 736 858 826 venis,
904 759 981 816 non
1001 733 1186 850 amplius
1223 741 1308 844 pari
1350 745 1353 752 '

206 908 208 922 r
261 845 454 952 in'pretio
481 845 650 940 habitus,
692 843 819 952 ireque
847 839 1138 952 conspiciendus
1171 847 1217 926 iis
1237 837 1310 958 qui

177 975 179 980 ’
260 955 432 1040 adsunt..
467 953 615 1036 Verium
643 955 758 1063 fiquis
792 955 979 1032 recentior
1016 954 1223 1050 advenerit,
1264 975 1308 1036 tu

259 1063 344 1172 post
369 1083 523 1174 tergum
561 1065 739 1171 rrp'icefr'is.
797 1064 931 1170 Itaque
965 1060 1005 1141 in
1038 1065 1225 1171 angulum
1263 1094 1308 1144 a·

125 1169 136 1185 ”
257 1173 409 1282 liquem
434 1177 731 1284 abj'ediifflmum
750 1175 927 1262 retrusos,
976 1175 1173 1254 accumbis·
1202 1169 1306 1256 testis

143 1331 145 1336 ·
215 1331 219 1342 ·
257 1280 412 1364 tantiam
440 1305 574 1365 eorum
593 1308 679 1394 quae
697 1301 957 1392 apponuntur,
1000 1271 1088 1374 olla,
1131 1287 1236 1380 fiad
1266 1305 1306 1366 te

256 1393 377 1501 usqu‘e
433 1398 687 1502 pervenerint,
741 1415 850 1473 more
902 1420 1044 1471 canum
1090 1393 1307 1476 circumro·
1354 1451 1380 1490 ,-

218 1595 221 1600 ⁴
257 1501 370 1584 dens:
403 1505 464 1584 vel
484 1505 626 1586 durum
647 1505 781 1584 malvae
801 1501 955 1594 folium,
986 1531 1065 1610 quo
1080 1506 1304 1613 reliqnain⁴

258 1613 431 1706 volvunt,
461 1607 713 1695 fifastidiatut
743 1616 790 1692 ab
824 1613 870 1691 iis
890 1617 958 1720 qui
976 1613 1092 1720 priori
1119 1613 1207 1695 loco
1237 1617 1313 1696 aea·

153 1766 157 1777 ·
256 1728 464 1816 cumbunt,
494 1715 1158 1834 praefamelibentitmallicaturus.
1216 1725 1343 1806 Ne-‘

257 1845 334 1942 que
364 1835 453 1914 verb
484 1837 586 1916 deest
614 1837 716 1916 aliud
746 1834 990 1914 contumeliae
1023 1853 1169 1940 genus:
1210 1863 1306 1918 nam

256 1963 324 2024 tu.
359 1935 459 2048 solui
505 1973 553 2026 ne
598 1967 718 2026 ovum
767 1945 927 2054 quidem
969 1934 1102 2024 habes.
1160 1946 1306 2056 Neque

255 2055 363 2135 enim
391 2057 571 2135 convenit
603 2077 647 2136 ut
676 2055 997 2163 eadem-requiras
1016 2079 1102 2162 quae
1134 2047 1304 2166 hospitor

224 2165 295 2244 'dc
323 2167 461 2274 ignoti,
504 2163 693 2276 fiquidem
726 2164 807 2245 haec
827 2181 895 2264 tua
911 2165 1059 2244 inscitia
1077 2165 1144 2246 est.
1214 2167 1303 2248 Nec
1356 2250 1359 2258 ,
1417 2171 1424 2184 “

254 2273 388 2356 fimitis
422 2278 505 2358 aliis
538 2277 611 2358 tibi
645 2276 845 2386 opponitur
874 2277 988 2376 avis:¹
1021 2272 1154 2354 verbm
1193 2277 1304 2358 diviti

253 2385 314 2464 illi
347 2383 501 2497 pinguis
538 2389 579 2466 dc
621 2386 857 2476 succulenta3
904 2385 977 2462 tibi
997 2384 1085 2463 verb
1119 2386 1303 2466 dimidia-

253 2514 318 2578 tus
354 2498 498 2602 pullus,
539 2495 770 2576 subdurr‘rsve
815 2494 957 2601 aliquia
993 2495 1214 2601 palumbus,
1261 2501 1304 2576 in
1393 2579 1396 2586 ,

255 2603 809 2697 manifestamcontumeliam,
855 2603 1140 2683 &ludibrium
1198 2608 1303 2714 Saepe

220 2711 390 2807 etiam,
438 2715 584 2826 siquid
617 2716 724 2810 defit,
767 2711 843 2794 alio
874 2713 1043 2822 quodam
1063 2714 1220 2820 repentia
1238 2717 1311 2808 su·¹
1402 2748 1406 2751 ·

255 2828 512 2932 perveniente,
554 2825 891 2932 tollensvminister
924 2849 968 2901 ea
1001 2813 1302 2931 quae'tibierant
1419 2889 1420 2892 a

244 2936 439 3046 ¹apposrta,
468 2939 526 3016 illi
545 2939 718 3047 apponit,
759 2936 832 3014 hoc
871 2935 943 3013 tibi
979 2933 1021 3042 in
1059 2956 1189 3016 autem
1221 2938 1301 3016 lm-

256 3071 497 3141 mumurans,
543 3065 586 3127 tu
611 3045 787 3158 proficio
816 3044 931 3152 noster
968 3068 1017 3123 er.
1062 3073 1070 3084 ·’
1093 3046 1145 3124 Et
1177 3073 1302 3154 quum

256 3157 315 3236 vel
346 3158 420 3238 suis
450 3160 669 3239 subventale
696 3155 870 3238 medium
900 3157 1044 3236 secatur
1063 3157 1135 3260 ,vel
1155 3183 1302 3264 cervus,

255 3287 321 3347 aut
341 3268 626 3349 distributorem
642 3271 715 3348 tibi
734 3267 860 3348 modis
879 3267 1072 3362 ¹omnibus
1087 3268 1302 3376 propitium

255 3377 397 3458 habeas
435 3398 601 3490 oportet,
643 3399 709 3460 aut
744 3374 967 3457 Promethei
1004 3397 1152 3482 partem
1188 3377 1328 3470 feras„¹

257 3488 333 3594 offa
373 3491 559 3569 nimirum
604 3488 716 3597 adipe
745 3490 946 3578 obdudla„
981 3485 1104 3596 Nam
1128 3489 1233 3595 quod
1267 3490 1304 3566 ei

257 3601 326 3706 qui
374 3599 483 3706 supra
512 3621 549 3680 te
576 3599 772 3692 accumbit,
820 3599 949 3709 patina
992 3593 1126 3678 finitur
1172 3597 1302 3688 aliare,

239 3713 380 3794 „donec
407 3711 559 3793 satiatus
588 3712 775 3822 repudiet,
811 3730 862 3788 te
897 3704 1137 3787 contritam
1166 3709 1302 3788 celeri-

227 3835 316 3896 ·t'er
347 3840 619 3928 praetercurrat‚
664 3823 728 3901 cui
747 3819 915 3927 ingenuo
935 3817 1131 3896 tolerabile
1167 3816 1234 3911 est,
1264 3821 1327 3914 du,

259 3930 382 4010 bilem
403 3953 593 4036 quantum
621 3932 682 4011 vel
700 3933 814 4011 ¹cervi
832 3927 984 4017 habeut,
1014 3927 1195 4006 habenti?
1243 3947 1305 4006 at-

175 4129 179 4136 ,
260 4069 336 4163 que
366 4040 461 4122 illud
505 4043 686 4153 equidem
729 4040 905 4120 nondum
944 4035 1026 4131 dixi
1069 4038 1173 4148 qubd
1213 4038 1307 4116 reli·

697 4155 869 4231 ‘eea
937 4188 939 4200 =
1222 4150 1310 4258 quit
