2894 4720
27 329 29 336 ’
160 327 266 434 446·
356 323 360 330 '
471 299 870 402 LUCIANI
1222 426 1230 434 ·

161 459 269 548 nino,
299 455 337 534 dt
359 467 467 533 etate
498 452 684 562 equalem
712 451 991 562 propemodum
1011 451 1203 563 Hecubaej

143 565 278 646 ‘Hanc
309 561 481 644 Theseus
526 557 699 672 priminn
742 569 900 674 raptam¹
935 563 976 642 in
1005 563 1202 672 Aphidnis
1263 603 1272 608 ·

162 673 336 786 poffedit,
367 673 434 782 qui
457 671 638 752 Herculis
668 689 775 752 aetate
801 673 922 754 vixit:
960 701 1073 782 porro
1093 676 1203 755 Her..

162 788 267 868 cules
298 780 402 892 prius
425 783 585 890 Trojam
620 801 771 894 ceperat
799 803 954 892 patrum
984 785 1203 866 nostrorum

163 895 416 1004 temporibus,
459 895 527 1000 qui
557 893 688 1000 perid
716 895 900 1002 temporis
930 893 1100 976 maxime
1125 895 1202 996 flo-

130 1019 133 1031 ¹
162 1009 330 1090 rebant:
372 1025 461 1082 nam
488 1002 570 1082 haec
603 999 703 1081 mihi
728 1001 898 1094 Panthus
916 998 1105 1096 narravit,
1147 1005 1227 1096 se,-

155 1109 256 1197 ¹cirm
283 1113 372 1193 effer
396 1113 608 1192 admodum
633 1111 862 1206 adolescens,
892 1113 1028 1194 ''vidiffe
1045 1116 1203 1196 Hercu-

162 1227 242 1306 lem
286 1219 431 1304 dicent.
502 1224 670 1304 Mrrcr'.
734 1224 844 1327 Qid·
881 1225 1051 1307 eutemi
1102 1251 1204 1304 num

163 1335 338 1418 Achilles
371 1334 457 1414 talis
491 1353 585 1428 erat,
626 1331 767 1440 nempe
800 1332 933 1444 quivis
966 1337 1005 1412 in
1041 1362 1080 1414 re
1106 1363 1206 1442 prae-
1309 1431 1311 1442 Ι

61 1447 62 1450 ‘
103 1457 106 1464 '
162 1441 435 1537 stantiffirnus?
475 1471 522 1524 an
547 1463 588 1524 et
614 1441 1031 1524 hocestaliafabulr?
1081 1447 1204 1528 Gne.

165 1560 272 1639 Cum
294 1558 366 1636 illo
385 1555 543 1664 quidem
563 1554 776 1662 congressu-s
800 1557 994 1648 nonium,
1025 1557 1203 1664 Micylle,

165 1695 292 1776 neque
325 1694 397 1760 res,
437 1695 522 1774 quae
550 1667 652 1772 apud
677 1663 847 1746 Achivos
879 1666 991 1774 gestae
1024 1669 1123 1762 sunt,
1152 1671 1242 1750 ita.

164 1776 338 1859 accurate
359 1777 507 1886 possum
526 1777 691 1856 referre..
736 1775 818 1880 Qr
836 1775 941 1856 'enim
963 1776 1054 1858 scire
1078 1781 1204 1884 potui,

164 1885 259 1972 cirrn
287 1889 403 1967 hostis
433 1887 577 1986 efl'em?
618 1884 720 1966 certe
740 1887 961 1966 Patroclum
981 1887 1084 1966 illius
1102 1891 1208 1968 'ami-

167 2027 259 2082 cum
297 1999 401 2075 haud·
442 2000 495 2076 ita
541 2023 683 2102 magno
725 1999 880 2102 negotio
917 1998 1065 2104 peremi
1098 1999 1208 2082 haste

35 2109 58 2218 '⁵
168 2108 523 2188 transverberatum.
561 2107 745 2186 Mrcrn.
775 2107 925 2186 Deinde
946 2125 982 2186 te
999 2087 1207 2192 Menelaus

167 2219 294 2300 multo
327 2219 488 2296 minore·
508 2219 678 2324 negotio.
737 2213 885 2298 Veriun
914 2217 993 2320 istis
1022 2220 1209 2302 derebus

39 2419 42 2425 ,
168 2329 264 2410 saris.
321 2327 442 2406 Nunc
473 2353 530 2406 res
557 2327 826 2436 Pythagoricus
852 2327 962 2409 refer.
1019 2329 1209 2424 Gnr.1n

168 2437 333 2530 summi,
364 2437 541 2545 Micylle‚
570 2437 733 2546 sophista
756 2466 873 2532 eram,
905 2433 1072 2549 (oportet
1098 2443 1208 2520 enim

167 2553 303 2660 utique
319 2553 456 2630 'verum
475 2547 601 2650 fateri)
632 2549 776 2658 alioqui
796 2575 871 2628 non
892 2551 1108 2658 imperitus,
1135 2579 1208 2631 ne·

169 2689 245 2769 que
273 2661 542 2739 inexercitatus
571 2661 610 2738 in
641 2661 946 2767 prostantiffimis
981 2661 1206 2770 disciplinis.

109 2817 111 2822 Α
168 2769 484 2852 Profedus·sum
514 2779 642 2850 autem
663 2773 713 2848 in
737 2772 969 2880 AEgyptum‚
1005 2799 1084 2880 quo
1114 2801 1209 2854 cum

171 2881 367 2990 prophetis
394 2881 656 2984 congrederer,
688 2903 841 2990 propter
872 2881 1094 2988 sapientiam
1123 2913 1212 2964 cun·

61 2985 64 2993 ’
156 2993 392 3100 stqr'rendam.
426 2991 520 3068 ior
537 2990 649 3096 adyta
669 2991 849 3100 ingreffus
871 2992 943 3070 Ori
962 2993 1001 3070 dc
1020 2993 1126 3072 Isidis
1156 2995 1210 3072 li-

118 3157 125 3176 .
174 3105 260 3180 bros
286 3101 488 3208 perdidici.
540 3102 593 3178 Et
620 3097 712 3180 cirm
743 3103 866 3182 rursus
897 3103 936 3180 in
959 3101 1107 3182 ltaliam
1127 3105 1225 3196 uelo¹

171 3211 357 3303 feciffem,
387 3213 543 3288 Graecos
573 3213 619 3288 iis
644 3215 682 3290 in
704 3213 801 3304 locis,
823 3215 875 3291 ita
897 3212 1055 3304 institui,
1085 3233 1128 3294 ut
1147 3243 1215 3294 me

173 3341 244 3430 pro
263 3323 350 3400 Deo
369 3321 564 3398 ducerent.
602 3323 767 3401 Mrcru.
798 3323 1009 3404 Audieram
1028 3325 1212 3431 equidem

171 3434 313 3526 isthaec·,
345 3452 521 3540 praeterea
541 3433 870 3540 quemadmodum
894 3424 1059 3512 creditus
1097 3435 1215 3516 fueris

173 3547 256 3650 post
277 3559 442 3624 mortem
464 3541 646 3634 revixiffe‚
677 3562 795 3650 utque
815 3569 972 3622 aureum
990 3543 1117 3622 femur
1136 3545 1217 3626 illie

173 3652 378 3761 ‘aliquando
396 3651 615 3732 ostenderis,
652 3648 819 3730 ¹Verirm
841 3653 936 3743 illud
959 3654 1057 3732 mihi
1076 3653 1214 3748 dicitur

172 3759 266 3871 quid
297 3764 369 3842 tibi
389 3764 551 3842 venitin
576 3781 761 3853 mentem,
782 3781 841 3840 ¹ut
866 3765 992 3870 legem
1020 3767 1215 3858 statueres,

171 3877 228 3954 uti
250 3899 373 3982 neque
392 3873 583 3963 carnibus,
615 3899 739 3978 neque
769 3871 875 3951 fabis*
888 3873 1124 3952 vescerentur
1143 3874 1215 3954 ho-

171 3986 315 4092 mines?-
368 3985 489 4076 Gne.
522 3983 599 4062 vNe
636 3985 880 4090 perconteris.
905 3984 985 4080 ista,
1033 3985 1217 4089 Micylle.

1033 4097 1218 4181 Mrcnn.
