2894 4720
349 297 628 386 cantus
660 323 721 382 aa
751 299 1137 412 mrcvnuus.
1209 331 1265 414 44

251 435 400 516 tionem
429 433 519 514 aliae
551 427 626 512 alio
645 435 804 512 nomine
836 435 1116 543 compellando.
1173 439 1289 536 Gar..

218 613 220 618 .
248 543 364 627 Nihil
395 548 567 624 intererit
596 541 984 652 'five'Euphorbum,
1027 543 1102 624 five
1136 543 1292 654 Pytha·

246 683 398 768 goram,
437 656 511 735 five
548 653 693 734 voclris
734 653 944 761 Aspasram‚
985 655 1059 735 five
1102 657 1286 750 Crateou

248 766 566 873 quandoquidem
605 763 674 844 ista
710 765 842 842 omnia
883 766 994 864 sum;
1037 787 1288 848 veruntamen

248 871 387 954 rectilis
423 875 612 954 fecerissr
652 875 775 982 (quod
813 875 853 952 in
885 873 887 880 ’
898 874 1094 982 praesentia
1125 875 1197 955 ell'e
1220 878 1289 988 ¹vi·
1331 933 1333 943 ι

244 984 354 1086 deor)
384 982 546 1066 Gallum
582 1011 645 1063 me
677 1007 801 1074 vocet,
835 1009 882 1063 ne
913 1003 1137 1064 contemnas
1175 1013 1287 1068 avem

245 1097 349 1202 quast
373 1097 457 1176 vilis
493 1093 565 1173 elle
603 1094 807 1184 videretur,
837 1093 1042 1200 praesertim
1076 1123 1167 1175 cum
1204 1116 1301 1189 tamx

243 1205 387 1285 multas
406 1207 446 1283 in
466 1203 502 1283 se
520 1205 715 1282 contineat
734 1202 894 1282 animas.
954 1202 1137 1284 Mrem
1164 1207 1286 1316 Ergo,

245 1314 374 1410 Galle,
395 1312 711 1422 quandoquidem
728 1313 861 1390 omnia
896 1309 995 1420 pene
1025 1311 1182 1392 vivendi
1213 1343 1288 1424 ge«

240 1451 329 1504 nera
353 1427 437 1532 jam
468 1446 647 1532 expertus
676 1448 730 1513 es,
759 1440 875 1530 atque
900 1425 1033 1501 omnia
1071 1423 1184 1516 nosti,
1213 1453 1284 1502 ve·-

195 1579 198 1586 ·
240 1535 314 1614 lim
353 1533 453 1614 mihi
478 1531 650 1612 'dilucide
674 1557 799 1612 narres
833 1531 998 1621 seorsim,
1033 1560 1119 1640 quae
1139 1533 1184 1613 fit
1219 1535 1282 1614 di·
1362 1553 1366 1561 ‘

140 1691 142 1700 ,
193 1731 197 1742 ,
242 1645 386 1738 vitum,
419 1655 506 1753 quae
544 1669 758 1752 pauperum
783 1641 1080 1736 vitae'conditim
1108 1661 1151 1722 ut
1186 1670 1284 1754 cog-

240 1755 416 1848 noscam,'
442 1751 579 1844 vere'ne
607 1752 732 1832 isthuc
765 1751 945 1844 affirmes,
988 1779 1053 1833 me
1096 1752 1282 1860 divitibus

240 1864 312 1944 esse
327 1865 554 1954 feliciorem.
606 1863 727 1942 Gau.
748 1863 810 1942 En
826 1861 931 1943 hunc
950 1862 1174 1944 admodum
1191 1891 1283 1972 per·
1307 1939 1310 1948 .

236 1977 377 2084 pende,
425 1973 591 2081 Micylle
605 2008 619 2066 t
665 1991 716 2053 te·
737 1973 897 2080 quidem
931 1997 1009 2052 nun
1045 1973 1281 2082 magnopere

221 2088 362 2194 ¹tangit
392 2111 484 2166 cura
523 2085 629 2177 belli,
658 2083 843 2192 srquando
878 2109 1010 2164 rumor
1047 2083 1092 2162 fit
1131 2085 1281 2164 adven-

237 2213 316 2276 tare
354 2195 492 2288 hostes,
516 2221 649 2304 neque
683 2193 868 2274 sollicitus
914 2217 969 2286 ea,
1005 2219 1054 2273 ne
1091 2193 1132 2274 in
1167 2201 1280 2302 agros

236 2306 470 2387 incursantes
507 2304 754 2412 populentur,
795 2324 891 2382 neve
921 2301 1085 2382 hortum
1117 2307 1277 2410 procul·
1314 2401 1315 2404 p

120 2501 124 2510 ,
195 2459 198 2473 2
235 2436 339 2507 cent,
372 2433 440 2493 aut
469 2417 595 2492 vineas
627 2409 771 2490 vastent
790 2445 802 2502 t
846 2408 908 2490 sed
944 2409 1174 2521 fimulatque
1212 2433 1279 2494 tu·
1370 2440 1372 2444 ’
1404 2499 1409 2508 ,

239 2529 330 2605 bam
363 2525 539 2616 audieris,
567 2523 738 2602 fitamen
755 2520 932 2611 audieris,
961 2521 1019 2600 do
1043 2519 1165 2630 teipso
1196 2549 1278 2608 uuo

196 2711 198 2720 s
238 2635 556 2744 circumspectae·
576 2658 654 2740 quo
694 2628 875 2709 defletius
903 2627 1038 2709 servari
1069 2657 1200 2738 queas,
1229 2657 1277 2716 ac

237 2745 440 2827 discrimen
459 2741 637 2852 effugere.
697 2739 843 2820 Contra
870 2739 928 2819 illi
961 2761 1048 2819 tum
1074 2743 1177 2821 dese
1196 2742 1277 2825 sot-

236 2858 335 2936 liciti
355 2855 455 2960 sunt,
485 2873 570 2934 tum
607 2852 738 2931 animo
774 2850 1062 2942 discrucientur,
1095 2873 1187 2932 cum
1225 2852 1277 2938 de

237 2967 432 3047 moenibus
466 2964 653 3071 quicquid
682 2987 803 3068 opum
834 2959 1070 3070 poffirlebant
1089 2961 1136 3045 in,
1156 2963 1274 3070 agris,

192 3131 195 3140 ·
235 3077 274 3156 id
312 3103 428 3156 omne
456 3078 536 3184 rapi
559 3077 726 3182 ferrique
752 3071 1007 3178 conspiciunt.
1064 3074 1115 3150 Et
1143 3071 1170 3151 st
1199 3075 1273 3154 tri·

234 3189 376 3267 butum
423 3185 468 3266 stt
510 3184 748 3272 solvendum,
795 3181 853 3262 illi
894 3178 962 3259 soli
1000 3181 1273 3277 accersuntura
1378 3233 1381 3238 ·

233 3300 308 3378 five
345 3299 385 3375 in
416 3293 591 3405 praelium
628 3293 863 3384 exeundum,
894 3289 1272 3397 periclitantur,·a'i'ut
1339 3339 1346 3364 r

129 3461 156 3479 ,.
232 3409 407 3513 peditum
453 3408 608 3495 turmis,
656 3421 721 3482 aut
763 3405 940 3518 equitum
977 3401 1049 3518 alis·
1087 3400 1269 3510 praefeeii.

232 3521 300 3598 Tu
330 3519 484 3596 interim
523 3517 736 3596 vimineum
767 3539 901 3622 gerens
941 3511 1121 3620 clypeum
1147 3537 1269 3621 expa-

233 3630 348 3720 ditua,
378 3646 435 3705 ac'
458 3626 551 3705 levis
572 3626 630 3722 ad
664 3623 772 3703 saluti
815 3621 1108 3712 consulendum,
1156 3649 1269 3731 para·
1384 3699 1389 3710 ,

230 3755 294 3820 tus
328 3737 520 3818 victoriale
556 3733 780 3815 convivium
812 3719 934 3841 agere,
964 3730 1150 3839 srquand'o
1184 3736 1269 3816 vle-

209 3847 331 3927 ιτοτίἂ
359 3851 501 3957 potitus
530 3849 737 3956 imperator
770 3845 870 3925 sacra
899 3839 1043 3922 fecerit·
1094 3839 1271 3936 Rursum
1327 3865 1332 3872 '

231 3961 335 4068 pacis
362 3976 537 4069 temporo
570 3955 818 4068 tequidem,
849 3977 942 4037 cum
973 3951 1022 4034 de
1057 3953 1171 4060 plebe
1188 3939 1318 4050 'tias⁴

366 4071 372 4091 '
721 4069 756 4148 F
782 4063 807 4148 f
1083 4064 1268 4173 ingrersus
