2894 4720
207 325 374 435 p4=
456 307 934 440 2Lucrnur

206 473 285 530 tere
322 447 443 528 linteo
478 447 519 528 in
549 437 678 556 genua
708 449 849 556 injecto
883 449 1045 542 testum,
1091 450 1139 530 de
1173 481 1257 566 quo

206 559 416 670 (cadavere
427 555 599 666 scilicet)
639 557 732 638 fetes
762 558 971 639 decertant.
1034 559 1151 642 Porrd
1180 569 1251 674 qui

206 699 270 752 rne
300 671 534 777 speraverant
570 669 746 759 obtinere,
804 671 845 748 in
895 669 980 750 foro
1031 675 1258 780 operiuntur

205 781 367 872 hiantes,
426 807 502 859 non
544 782 653 860 aliter
685 776 804 889 quiam
846 779 1096 863 hirundinem
1132 785 1251 886 advo-

204 893 349 970 lantem
387 891 581 970 stridentes
630 893 738 1000 pulli.
808 891 960 970 Deinde
997 895 1064 972 ubi
1098 896 1252 1002 stgnuua

98 1093 111 1114 ι
205 1003 420 1081 detractum
454 1001 520 1094 est,
566 1005 606 1082 dc
636 1003 759 1081 lineus
790 1000 985 1080 funiculus
1013 1005 1170 1096 incisus,
1209 1033 1255 1086 a.

204 1131 398 1220 pertaeque
450 1113 613 1204 tabellae,
672 1107 867 1218 uovdsque
915 1137 1023 1192 meur
1069 1117 1252 1198 dominu·

205 1224 259 1304 cst
278 1225 565 1330 pronunciatus,
611 1224 686 1304 five
711 1241 896 1330 cognatus
926 1224 1129 1330 quispiam,
1176 1227 1255 1310 srva

89 1383 94 1394 ·
142 1322 145 1330 ’
206 1337 392 1425 adulator,
454 1333 528 1412 five
563 1333 727 1412 servulus
762 1333 987 1424 obscoenus,
1037 1335 1077 1412 dr
1108 1341 1254 1418 caeteria

207 1445 385 1552 praelatus
422 1445 612 1534 arnasris,¹
644 1447 761 1550 etiarn
797 1463 881 1522 turn
918 1463 1052 1524 mento
1084 1443 1253 1538 subrasor

208 1583 279 1662 pro
329 1556 438 1633 variis
486 1553 780 1663 omnigenisque
824 1555 1100 1662 voluptatibus,
1158 1583 1256 1664 quar

205 1669 275 1771 ipsr
299 1667 400 1772 'jam¹
440 1665 632 1746 obsoletus
667 1664 933 1774 suppeditavit,
986 1667 1120 1771 ingens
1161 1693 1255 1774 prae·

205 1779 332 1856 mium
351 1772 476 1854 serens
504 1761 726 1882 generosu's:
770 1775 803 1852 is
836 1776 955 1880 igitur
974 1775 1145 1884 quisquis
1166 1796 1254 1858 tau-

205 1888 296 1968 dem
341 1884 385 1964 fit
423 1913 487 1964 me
521 1887 608 1992 ipsas
641 1915 734 1966 cum
772 1885 923 1964 tabellis
956 1893 1159 1994 arreptum'
1183 1885 1251 1966 fu·

203 1999 317 2102 giena
351 1996 539 2100 adportat,
586 2013 737 2076 mutato
770 1995 929 2074 nomine
967 2015 1124 2076 vocatus
1157 1997 1252 2077 Me·
1305 2012 1308 2020 “

204 2107 360 2212 gacles,
393 2126 458 2188 aut
492 2107 754 2213 Megabyzus,
798 2122 864 2182 aut
890 2105 1130 2196 Protarchus,
1179 2135 1250 2216 pro

204 2244 251 2294 eo
282 2217 351 2324 qui
381 2213 499 2296 modo
532 2219 736 2302 vocabatur
763 2214 968 2326 Pyrrhias,
994 2215 1055 2296 vel
1085 2217 1251 2312 Dromo,

156 2349 158 2356 ’
203 2327 263 2408 vel
295 2327 457 2420 ‚Tibiqs3
505 2327 590 2408 illos
619 2322 1003 2418 incassum-hiantes,
1051 2325 1157 2432 &se
1186 2329 1251 2408 in-

204 2439 328 2516 vicem
364 2441 553 2518 intuentes
589 2439 823 2546 relinquens,
871 2465 915 2515 ac
942 2464 1076 2520 verum
1097 2439 1248 2521 luctum

103 2621 105 2634 .
203 2569 371 2654 agentes,
412 2548 517 2657 'quod
548 2550 734 2658 ejusmodi
760 2548 928 2654 thynnus
949 2574 996 2626 ex
1016 2549 1157 2627 intimo
1189 2549 1249 2627 sa-

203 2685 310 2765 genae
345 2662 425 2740 sinu
463 2659 614 2764 effugit,
657 2658 836 2738 devorati
866 2685 943 2738 non
973 2659 1112 2764 exigui
1147 2659 1245 2739 escd.
1306 2719 1310 2730 .

204 2773 338 2874 Atque
360 2769 424 2852 hic
450 2767 605 2876 repento
639 2773 741 2849 totus
763 2771 802 2848 in
823 2795 887 2848 tue
919 2770 1079 2858 irruens,
1114 2765 1252 2876 'homo

202 2879 371 2986 ineptus,
429 2879 547 2957 crassi
593 2900 695 2972 cute,
757 2881 963 2985 compedes
998 2877 1123 2957 adhuc
1154 2877 1252 2958 hor-

160 3079 162 3084 ,
204 2990 363 3084 toscona,
411 2989 450 3066 de
484 2989 599 3099 siquis
634 2991 728 3074 alius
761 2990 978 3096 praeteriens
1007 2989 1089 3067 loro
1121 2990 1250 3094 incre-

203 3101 341 3202 puerit,
388 3095 531 3178 rectam
566 3103 732 3206 arrigens
773 3127 919 3198 aurem,
967 3101 1006 3180 dc
1045 3097 1250 3205 pistrinum

203 3226 397 3318 tanquam
424 3210 619 3315 ternplum
654 3211 826 3300 adorans,
874 3237 951 3288 non
984 3205 1149 3316 amplius
1186 3211 1251 3310 iis,

107 3385 109 3397 .
203 3318 272 3423 qui
291 3319 331 3400 in
352 3345 441 3396 eum
460 3321 649 3412 incidunt,
675 3321 727 3401 est
748 3319 976 3407 tolerabilis:
1023 3319 1085 3398 sed
1117 3321 1156 3398 dc
1183 3321 1249 3402 in·

122 3467 124 3472 ¹
165 3441 168 3449 ’
201 3454 346 3534 genuus
371 3430 606 3512 contumelia
640 3431 771 3520 afficit,
819 3431 858 3508 dr
891 3429 1088 3508 conservos
1124 3429 1249 3538 flagris

140 3567 143 3574 ’
194 3539 328 3631 caedit,
375 3539 571 3644 experiens
608 3567 704 3621 nurn
738 3540 995 3648 fibiquoque
1028 3539 1164 3618 firnilia
1196 3540 1250 3619 li·
1302 3569 1307 3594 ¹

202 3670 337 3728 ceant:
373 3639 602 3730 ·donec‘aut
639 3653 678 3730 in
709 3649 917 3739 scortulum
945 3651 1132 3742 incidens,
1182 3672 1250 3732 aut

204 3759 425 3838 alendorum
461 3748 648 3864 equorum
686 3760 810 3861 studio
843 3779 991 3867 captur,
1053 3781 1116 3838 aut
1150 3761 1247 3838 adu·
1347 3845 1351 3857 .
1443 3821 1444 3848 ,

203 3869 385 3948 latoribus
416 3866 488 3946 sese
519 3869 685 3960 trahens,
726 3869 986 3974 ¹'dejerantibus
1017 3871 1129 3949 illurn
1168 3871 1250 3950 Ni·

186 4003 266 4063 ·reo
298 3977 561 4072 formosrorem
598 3979 683 4074 effe,
732 3983 919 4090 Cecrope,
969 3980 1146 4062 Codrdve
1177 4009 1250 4088 ge·
1283 4074 1328 4102 ιχ
1443 4011 1444 4096 3

1004 4091 1252 4197 nerosrorenr,
