2894 4720
594 327 916 413 TIMON.
1196 358 1278 446 yy
1392 321 1395 326 Δ

232 473 334 564 audi,
383 428 487 577 quod
521 467 568 546 de
607 485 646 546 te
673 468 887 576 conscripsr.
946 462 1304 594 Qandoquidcm

230 587 378 663 Timon
413 577 675 657 Echecratidae
694 578 794 657 filius
825 578 1067 683 Colyttensrs‚
1113 582 1170 655 vir
1201 604 1281 658 non

231 691 351 776 modb
378 689 518 797 probus
539 683 622 767 bc'
613 708 774 794 integer,
804 687 959 772 verbm
986 691 1104 765 etiam
1134 687 1282 814 sapiens

231 801 600 912 quantumaliusin
630 801 782 879 Graecia
808 827 938 890 nemo,
983 804 1186 904 nunquam'
1215 823 1283 934 per
1374 839 1378 846 ·

149 986 151 991 ,
231 937 391 994 omnem
438 912 558 988 vitam
596 909 757 991 destitit
796 907 945 1018 optime
983 909 1031 986 de
1064 906 1285 1046 Republica

176 1111 182 1123 ,
231 1025 390 1104 mereri:
434 1040 612 1128 praeterea
633 1021 838 1127 pugillatu,·
868 1019 981 1120 lueto
1012 1015 1202 1127 cursuque
1222 1021 1299 1127 dre!

231 1135 384 1227 eodem,
428 1130 614 1258 quadriga
648 1152 825 1236 praeterea
856 1134 898 1208 br
930 1115 1020 1236 biga
1044 1132 1253 1238 equestri
1242 1157 1285 1208 rn
1347 1209 1349 1214 .

161 1215 185 1324 s
231 1241 558 1352 Olympurvrcrt
612 1241 1284 1348 T1M.Ateoouespestatorqu1

233 1356 321 1434 ddm
337 1369 509 1460 unquam
526 1355 565 1430 in
583 1351 779 1456 Olympiis
800 1351 870 1429 sui.
932 1353 1050 1430 DEM.
1074 1353 1182 1477 Quid
1198 1373 1286 1428 turn

161 1507 167 1520 ·
219 1464 419 1574 ‘spectabis
438 1463 606 1568 posthac.
657 1464 729 1539 Sed
743 1464 867 1542 multa
883 1460 996 1560 buius
1009 1469 1156 1568 generis
1172 1463 1285 1540 satius

185 1627 190 1640 ι
235 1577 288 1654 est
304 1576 407 1654 addi
464 1576 573 1650 Tum
592 1599 691 1649 anno
705 1573 894 1680 superiore
910 1578 1009 1677 apud
1027 1573 1286 1653 Acharnenses

236 1713 307 1796 pro
328 1688 471 1791 Rep
462 1682 663 1762 fortissime}
697 1685 732 1762 se
757 1685 896 1790 gessit,
919 1687 958 1760 bc
991 1685 1286 1790 Peloponnesio·
1340 1689 1345 1698 '

237 1827 324 1876 rum
346 1797 438 1891 duas
467 1795 565 1872 acies
597 1797 781 1875 concidit
853 1800 965 1872 T1M.
997 1796 1086 1900 Qa
1117 1794 1284 1872 ratione?

238 1911 382 2016 quippe
398 1908 557 2034 quince
576 1933 745 2013 unquam
774 1933 878 1984 arma
893 1903 1081 2013 gesserim,
1117 1933 1186 1983 nec
1207 1907 1287 1983 mi·
1293 1967 1294 1979 ,

236 2022 291 2098 lea
311 2037 547 2124 contemptur
565 2015 722 2094 fuerim
778 2020 902 2096 DuM.
935 2016 1110 2094 Modesto
1126 2019 1288 2123 quidem
1372 2043 1375 2051 ·

236 2133 285 2208 de
318 2130 562 2235 teloquens
613 2150 841 2208 notantem
880 2127 1212 2236 ingratrellemus
1260 2127 1289 2206 fi

191 2239 521 2328 >obliviscemur
601 2239 780 2318 Praeterea
821 2243 1024 2317 scribendis
1065 2239 1287 2344 plebiscito,

232 2354 298 2432 .&
289 2381 328 2428 m
345 2349 702 2440 consultationibus,
732 2354 796 2428 bc
788 2379 825 2427 rn
840 2349 1146 2426 administrandis
1162 2350 1287 2451 bellis,

238 2490 316 2540 non
340 2463 575 2539 mediocrem
603 2462 824 2537 utilitatem
843 2463 969 2536 attulit
994 2441 1160 2566 Reipub.
1221 2460 1288 2536 Ob
1392 2537 1397 2550 ,

238 2571 320 2650 haec
350 2573 481 2647 omnia
515 2561 636 2645 visum
668 2572 720 2645 est
752 2572 879 2657 curiae‚
925 2571 1044 2674 plebi,
1090 2569 1288 2674 magistra·

241 2684 344 2758 tibus
364 2679 554 2766 tributim,
587 2679 744 2784 plebeiis
766 2681 1007 2787 singulatim·
1029 2682 1290 2758 communiter
1349 2711 1352 2718 ·
1389 2753 1395 2769 ,

206 2785 208 2793 “
240 2791 439 2880 omuibus,
460 2817 636 2870 aureum
660 2791 817 2868 statuere
838 2794 1049 2898 Timonem
1067 2793 1179 2894 juxta
1200 2790 1289 2867 Pal·

240 2905 368 2981 ladem
403 2904 442 2978 iu
480 2928 578 2989 arce,
640 2901 791 2980 sulmen
826 2899 960 2979 dextra
992 2921 1201 2990 tenentem,
1250 2903 1290 2980 dc
1363 2981 1366 2988 ,

134 3093 136 3112 s
206 3004 366 3091 ¹radios
404 3013 513 3137 super
544 3014 669 3117 capite
703 3013 932 3090 habentem:
986 3008 1157 3150 erlmque
1202 3012 1290 3119 sep·
1346 3019 1349 3027 '

126 3182 133 3196 ,
242 3144 321 3202 tem
363 3125 491 3200 aureis
518 3126 667 3202 coronis
709 3151 903 3233 coronare,
951 3119 1095 3231 hasque
1131 3131 1291 3202 coronas

242 3236 406 3312 bodie
392 3251 436 3311 ιιι
474 3235 773 3328 bacchanalibus
814 3227 880 3342 per
920 3261 1037 3312 novos
1077 3235 1291 3340 Tragoedos

169 3399 171 3404 -
242 3347 504 3452 promulgari:
547 3373 636 3424 nam
664 3345 838 3424 hodiem
870 3345 1170 3450 honoremejus
1193 3348 1304 3428 Bac.

241 3457 417 3533 chanalia
452 3456 536 3534 sunt
574 3457 733 3562 agenda.
793 3457 922 3564 Hujbs
956 3457 1148 3535 sententiae
1184 3475 1294 3534 autor

243 3565 320 3648 fuit
346 3571 510 3645 Demeas
554 3589 693 3658 orator,
740 3583 924 3674 cognatus
959 3568 1075 3660 illius,
1131 3568 1294 3692 propin-

247 3705 360 3785 qum,
405 3681 443 3754 bc
475 3663 692 3799 discipulus.
764 3683 922 3779 Etenim
959 3699 1084 3757 orator
1122 3681 1294 3784 optimus

156 3778 158 3786 '
246 3790 299 3865 est
331 3791 492 3876 Timon
543 3791 931 3904 praetereaquicquid
968 3789 1142 3868 voluerit.
1202 3788 1294 3866 Hoc

246 3900 366 4006 igitur
414 3903 486 3977 tibi
509 3891 744 4002 decretum,
811 3931 886 4010 ego
922 3917 1051 3978 autem
1090 3901 1129 3978 δι
1166 3899 1294 3977 filium
1335 3923 1338 3930 ·

217 4022 380 4122 'meum
402 4013 448 4089 ad
481 4029 517 4089 te
543 4012 730 4094 adducere
762 4015 953 4104 volebam,
994 4037 1113 4118 quem
1133 4031 1201 4089 tuo
1221 4035 1295 4087 no·
1413 4009 1415 4014 ’

368 4157 372 4168 ·
396 4149 419 4230 5
1031 4175 1034 4180 ι
1190 4119 1300 4204 mine
