2894 4720
129 299 208 416 382
355 262 358 270 “
446 299 846 386 LUcraur

131 431 345 514 maximam
379 423 528 541 partem
566 459 701 514 eorum
739 460 825 540 quae
854 431 943 540 ipsae
979 394 1178 531 accidunt,t

129 571 208 647 non
228 545 320 651 ipse
326 545 484 652 quidem
506 546 580 634 tale
600 546 686 624 vira
704 569 823 651 genus
844 558 1035 650 expertus,
1085 547 1173 651 (ne-

106 679 216 762 que
253 655 359 734 enim
397 655 642 735 necessarium
691 653 791 734 mihi
824 675 903 734 erat
939 654 1171 762 periculum,

55 783 62 793 ·
129 789 409 874 necunquam,
439 767 463 846 ὂ
496 767 580 858 Dii,
610 762 670 866 fit)
712 765 775 844 sed
794 765 910 842 multi
929 789 1078 856 eorum,
1105 765 1187 872 qui-

8 919 10 922 ·
128 874 170 953 in
197 874 283 954 hoc·
292 878 376 954 vitae
396 901 515 982 genus
534 877 766 968 inciderunt,
806 873 904 955 mihi
924 873 1172 954 enarrarunt.

128 1010 297 1092 quorum
336 986 448 1064 alii
437 1013 478 1065 ιιι
515 987 603 1094 ipsis
637 987 747 1066 malis
777 984 990 1064 etiamdum
1027 986 1172 1064 consti
1230 1037 1233 1044 ι

128 1096 219 1187 tuti,
266 1115 409 1203 quanta
445 1099 484 1176 dc
521 1098 650 1204 qualia
685 1095 844 1184 ferrent,
901 1095 1168 1217 deplorabant,

128 1205 194 1282 alii
226 1224 410 1314 tanquam
442 1235 464 1287 e
497 1233 647 1288 carcere
677 1209 849 1316 quodam
880 1199 1064 1314 profugi,
1090 1231 1171 1283 ιιοιι
1205 1227 1209 1234 ’

128 1315 206 1395 srne
242 1313 445 1426 voluptate
481 1318 839 1398 commemorabant
873 1340 917 1394 ea
966 1345 1050 1424 quae
1081 1343 1168 1425 per·
1180 1375 1183 1382 .

126 1427 220 1535 peffi
238 1426 409 1508 fuerant
449 1429 712 1529 imd,qu1bus
731 1427 879 1505 nberan
898 1425 1060 1518 fuerant,
1107 1453 1171 1504 re·
1232 1517 1234 1523 ¹

126 1537 316 1618 censendo
352 1541 565 1618 admodum
603 1539 905 1618 oblectabantur.
962 1541 1096 1644 Atque
1125 1535 1202 1631 hij

126 1649 288 1756 quidam
318 1669 425 1730 erant
445 1646 679 1776 digniores,
707 1651 849 1756 quibus
881 1647 975 1727 fides
999 1647 1171 1728 habere·

126 1778 205 1851 tur,
249 1778 292 1840 ut
321 1764 389 1868 qui
418 1761 492 1866 ejus
505 1761 619 1864 sacra
634 1763 727 1838 ritus
754 1785 890 1838 omnes
927 1766 1008 1887 (ut.
1026 1759 1077 1836 ita
1107 1759 1172 1839 di.-

127 1867 234 1972 cam)
279 1869 581 1979 compleviffent,
619 1865 828 1977 omniaque
848 1869 936 1947 ab
925 1869 1036 1951 mitio
1055 1868 1169 1950 adfi-
1197 1959 1201 1966 ,

126 2005 219 2058 nem
250 1981 367 2088 usque
401 1979 677 2089 perspexiffent.
736 1981 829 2060 Non
859 2007 951 2088 ergo
988 1979 1172 2088 perfunc-
1189 2001 1194 2010 ·

125 2087 224 2171 toria
261 2091 530 2182 &oscitanter
563 2089 640 2170 hos
668 2092 883 2182 audiebam,
922 2090 1042 2170 veluti
1072 2107 1170 2169 nau-

96 2197 295 2306 ·fragium
333 2201 574 2309 aliquod&
581 2201 833 2310 inopinatam
863 2201 1020 2280 salutem
1058 2228 1170 2280 euar-

125 2332 271 2395 rantes·
316 2311 531 2440 cujusmodi
559 2313 646 2392 sunt
677 2312 751 2403 isti,
791 2314 859 2419 qui
887 2315 1012 2420 juxta
1024 2313 1172 2420 templa

124 2422 255 2500 deraso
273 2425 399 2531 capite
427 2422 539 2527 simul
559 2425 688 2516 multi,
731 2431 860 2502 tertios
881 2424 1031 2518 fluctus,
1075 2449 1170 2544 pro·
1148 2471 1203 2488 -··

124 2534 254 2625 cellas,
300 2561 426 2643 rupea,
463 2538 643 2642 jacturas,
687 2534 807 2614 malos
826 2533 978 2625 fractos,
1023 2528 1179 2640 guber-'
1264 2535 1267 2540 ’

124 2645 261 2723 nacula
291 2647 435 2726 revulsa
458 2664 629 2725 narrant.
674 2647 713 2723 in
735 2647 869 2754 primis
903 2665 1045 2736 autem,
1090 2646 1169 2724 Di-
1175 2665 1178 2672 ·

123 2757 276 2836 oscuros
313 2776 535 2866 apparentes
595 2776 705 2864 tuam
739 2757 781 2835 hi
819 2757 905 2834 sunt
946 2755 1178 2861 hujusmodi*
1284 2761 1290 2772 '

125 2868 319 2973 tragoediae
365 2840 528 2976 propriii
586 2887 667 2945 aut
695 2870 919 2974 quempiam
957 2867 1076 2945 alium
1119 2893 1168 2947 ex

14 2967 22 2980 ’
123 2976 330 3102 improviso
363 2993 602 3086 apparentem
639 2979 785 3066 Deum,
832 2977 991 3056 summis
1028 2994 1166 3054 anten—
1216 3015 1220 3021 ·

124 3089 186 3165 nis
222 3087 464 3180 insidentem,
515 3109 585 3166 aut
638 3089 746 3165 clavo
784 3087 999 3178 astantem,
1042 3087 1167 3166 &ad

122 3195 242 3275 molle
262 3197 419 3304 aliquod
439 3199 547 3276 littus
568 3199 696 3276 navim
712 3199 956 3303 dirigentem,
986 3199 1032 3276 ad
1061 3198 1166 3305 quod
1243 3224 1245 3230 ·

121 3309 191 3386 ubi
224 3307 438 3414 appuliffet,
491 3309 667 3393 futurum
700 3328 780 3386 erat
815 3327 857 3384 ut
890 3310 1083 3414 paulatim
1121 3334 1168 3387 ac

121 3415 224 3496 lente
268 3417 539 3511 diffolveretur,
587 3439 624 3501 at
660 3419 728 3524 ipfi
766 3417 850 3496 tutd
866 3418 1166 3531 descenderent,

122 3529 243 3635 idque
271 3555 345 3637 ope
381 3555 424 3608 ac
456 3529 603 3609 favore
616 3529 758 3606 divino.
830 3529 991 3636 Itaque
998 3529 1058 3606 isti
1084 3519 1163 3608 fre·

120 3659 282 3746 quenter
312 3637 394 3721 haec
421 3641 467 3719 ad
492 3638 714 3747 praesentem
746 3639 1001 3718 neceffitatem
1022 3637 1165 3745 tragice
1275 3659 1279 3668 '

119 3769 370 3883 exaggerunt,
420 3768 469 3830 ut
517 3777 537 3827 a
576 3749 747 3855 pluribus
785 3747 921 3882 stipem
959 3751 1169 3854 accipiant,

73 3909 75 3922 ι
119 3855 211 3938 ciam
246 3862 461 3956 uonmodo
492 3859 714 3951 calamiten,
756 3886 888 3939 verum
923 3861 1040 3937 etiam
1073 3859 1162 3937 Diis

111 3969 225 4051 chari
258 3967 479 4054 videantur.
548 3967 718 4051 Ροιιὸ
709 3969 738 4050 1i
786 3972 881 4052 dum
919 3968 1162 4079 tempestates

597 4127 600 4134 ,
1082 4091 1164 4173 eas,
