2894 4720
893 185 903 228 l

108 329 278 420 &43
428 295 825 380 LUCIANl

112 431 198 540 quis
231 423 490 508 suavissimum
523 453 566 506 ac
600 425 891 519 vetustissimum
921 420 1063 504 vinum
1095 419 1162 502 bi-

114 541 308 638 bentibus,
357 555 399 640 tu
434 537 715 630 solus=malum
757 537 954 644 quoddam
983 537 1022 614 δε
1060 533 1163 613 cras·-
1221 607 1226 612 .
1348 597 1351 606 .
1436 583 1437 590 κ

114 641 202 731 funi
239 648 359 730 bibis:
410 647 557 754 semper*
593 643 728 728 curans
773 666 815 726 ut
845 649 884 724 in
914 664 1072 754 argento
1101 641 1163 722 vel
1435 601 1437 736 l

116 785 209 839 auro
238 761 359 851 bibas,
403 785 452 835 ne
488 759 596 842 color
624 776 769 866 arguat,
817 778 855 838 te
881 760 1020 864 iusque
1068 751 1165 834 adeo
1233 816 1239 824 .
1436 757 1437 760 ’

91 869 338 978 *negledlum
368 867 441 946 effe
469 869 686 948 convivam.
751 871 884 979 Atque
922 871 1071 947 utinam
1114 891 1166 943 ex
1233 865 1236 871 “

117 1007 164 1060 eo
184 981 237 1058 ad·
253 978 472 1058 satietatem
494 978 611 1085 usque
631 981 762 1069 bibere
791 979 944 1058 liceret:
990 999 1027 1058 at
1059 977 1184 1056 nunc'

117 1093 187 1170 ubi
216 1088 351 1167 crebrb
376 1085 605 1198 poposceris,
635 1090 806 1170 minister
824 1087 964 1169 audisse
991 1087 1170 1169 diffimu·

117 1204 186 1279 l'at.
245 1199 358 1277 Adde
392 1195 496 1306 qubd
530 1196 654 1306 multa
672 1193 1042 1308 idque'confertim,
1059 1287 1064 1295 ,
1084 1193 1172 1278 imb

119 1308 200 1390 feri:
219 1313 351 1404 omnia
371 1310 618 1389 discruciant:
663 1307 835 1390 maxime
866 1338 988 1418 quurn
1016 1307 1088 1388 tibi
1108 1309 1170 1386 ci·

120 1421 250 1525 naedus
280 1420 417 1528 aliquis
447 1419 669 1514 antefertur,
713 1439 778 1499 aut
808 1419 956 1500 choreae
984 1419 1172 1498 ducendae

61 1569 63 1572 ·
123 1530 353 1642 preceptor,
383 1547 459 1610 aut
479 1533 548 1638 qui
582 1533 788 1612 cantilenas
822 1533 972 1610 Ionicos
997 1519 1174 1609 contexit

123 1643 408 1746 Alexandrinus
428 1643 617 1752 quispiam
638 1643 914 1722 homunculus.
946 1641 949 1648 ’
972 1638 1080 1720 Nam
1101 1638 1172 1750 qui

52 1819 56 1826 .
125 1751 247 1868 speres
277 1772 333 1843 tu,
363 1769 406 1832 ut
435 1758 474 1830 in
497 1755 675 1834 accubitu
697 1754 856 1862 aequeris
883 1753 943 1844 iis,
974 1753 1041 1860 qui
1062 1777 1171 1829 ama-

124 1861 223 1942 toria
260 1863 560 1958 subministrant,
614 1863 760 1972 quique
806 1865 847 1942 in
883 1865 964 1943 smu
989 1859 1175 1968 'literulas

124 1973 299 2080 gestant?
333 1974 523 2080 ·‡proinde
574 1976 614 2053 in
657 1978 787 2082 aliquo
816 1975 984 2054 convivii
1011 1969 1188 2052 latibulo·

126 2109 204 2191 prae
237 2083 383 2190 pudore
421 2075 623 2176 abstrusus,
665 2083 837 2194 suspiras,
894 2103 938 2164 ut
975 2083 1176 2180 consenta-

120 2199 245 2272 'neum
290 2193 357 2282 est,
422 2189 539 2299 te'que
585 2192 710 2302 ipsum
750 2195 937 2302 deploras,
990 2189 1178 2300 tusamque

127 2304 324 2382 fortunam
355 2303 517 2395 incusas,
559 2333 643 2413 quae
670 2299 742 2386 tibi
774 2334 821 2384 ne
851 2307 1060 2414 gratiarum
1084 2302 1178 2412 qui-

126 2411 219 2492 dem
248 2415 442 2520 guttulam
475 2415 678 2524 asperserit.
738 2420 797 2496 Ac
818 2417 967 2526 prorsus
994 2415 1092 2496 mihi
1117 2413 1178 2490 vi·

130 2525 229 2632 deris
267 2547 412 2634 potare
459 2538 501 2604 ut
538 2554 772 2635 componere
798 2529 934 2638 polles
976 2525 1178 2605 amatorias

131 2629 407 2731 cantiunculas,
465 2655 530 2716 aut
569 2638 701 2720 saltem
742 2643 789 2718 ab
835 2639 917 2718 aliis
949 2635 1205 2744 compositas·
1249 2678 1251 2682 ·

22 2784 27 2795 ·
131 2744 249 2852 digni:
277 2774 425 2825 canere.
483 2747 602 2829 Vides
623 2751 726 2828 enim
744 2745 820 2856 qual
845 2752 884 2827 in
912 2777 950 2826 re
975 2749 1088 2826 litum
1119 2748 1180 2836 s1t,
1215 2844 1220 2850 ἢ

91 2901 96 2910 ·
128 2869 176 2942 ,ut
209 2861 296 2962 quis
316 2857 549 2963 praeferatur,
580 2887 622 2936 ac
644 2861 837 2966 probetur.
896 2859 1061 2964 Qun&
1082 2857 1181 2935 illud

132 2960 232 3082 ferre
258 2994 389 3073 queue,
429 2986 471 3044 ut
502 2971 605 3074 magi
643 2998 798 3076 quoque
828 2989 892 3048 aut
912 2969 1019 3048 arioli
1050 2968 1180 3076 perso-

122 3091 239 3164 nam,
287 3077 499 3157 finece'sle,
524 3081 582 3168 fit,
623 3080 771 3169 indum,
815 3109 862 3160 ex
882 3079 1020 3158 horum
1043 3105 1182 3188 genere

92 3185 96 3194 ’
135 3187 371 3310 quiamplas
402 3188 653 3281 haereditates,
699 3193 765 3298 qui
799 3192 973 3299 imperia,
1018 3191 1085 3298 qui
1101 3215 1181 3288 cu·
1286 3213 1290 3220 ·

135 3295 298 3380 mulatas
331 3324 421 3404 opes
442 3301 690 3405 pollicentur:
742 3303 1055 3410 quandoquidem
1077 3299 1183 3378 vides

66 3479 72 3491 ,
128 3407 252 3516 ‚etiam
281 3407 325 3484 iis
348 3410 536 3508 amicitias
557 3409 654 3490 bene
674 3414 821 3505 cedere,
854 3415 1001 3520 ‘eosque
1021 3403 1184 3518 plurimi

135 3515 502 3612 adivitibusseri.
559 3521 949 3629 Ecique'velunum
980 3511 1186 3630 quodlibet
1260 3535 1287 3628 ¹s
1384 3595 1391 3610 ,
1436 3567 1437 3628 l

134 3625 275 3704 horum
298 3628 377 3706 fieri
399 3632 611 3738 percupias,
650 3653 755 3710 utne
776 3635 1005 3737 reje'sta'neus
1036 3635 1074 3709 ὃς
1095 3633 1185 3708 inn-
1222 3649 1224 3654 '

134 3736 214 3828 tilis
235 3737 337 3836 fias„
373 3740 494 3841 Atqui
513 3762 554 3818 tu
574 3742 722 3832 infelix,
766 3771 890 3850 neque
910 3745 949 3822 in
970 3745 1047 3822 illis
1068 3768 1106 3820 es
1123 3735 1185 3820 vil-

133 3847 364 3929 lecebrosus.
388 3851 393 3858 ”
417 3853 552 3957 Qare
584 3851 725 3930 necesse
745 3856 809 3932 esl
835 3851 877 3932 ut
905 3875 941 3942 te
967 3853 1185 3942 submittas,
1286 3873 1290 3880 '

97 4059 101 4066 ν
138 3955 181 4070 a'c
203 3961 339 4043 tacitus
366 3959 478 4056 feras,
522 3961 623 4048 clam
646 3965 745 4072 apud
779 3985 813 4046 te
834 3965 1000 4076 plorans,
1031 3965 1069 4042 δε
1089 3974 1188 4068 neg-

83 4082 85 4085 ’
155 4073 177 4104 ²
648 4077 652 4086 '
870 4079 875 4088 '
1067 4073 1217 4150 lestol-
