2894 4720
182 319 266 402 444
499 289 897 373 nucraur

186 426 397 504 minantur.
455 421 571 500 Vides
587 441 748 531 quantas
775 417 1074 498 commoditates
1102 421 1230 527 pariat

185 560 322 613 aarum
337 531 362 624 ς’
394 533 710 640 quandoquidem
742 557 822 621 ooa,
862 534 931 639 qui
968 531 1055 609 sunt
1091 532 1226 611 defor-

185 645 358 734 miffimi,
393 642 650 752 transfigurat,
687 643 727 721 dc
759 641 943 720 amabiles
975 641 1115 734 reddit,
1144 671 1225 724 noo
1289 647 1297 652 ’

186 753 289 833 secus
321 782 366 832 ae
400 755 520 832 cestus
540 753 606 832 ille
624 755 814 862 poeticus.
871 751 996 831 Audis
1015 752 1226 860 insuper&

184 863 320 944 Poetae
341 859 578 952 dicentes,d
612 869 781 953 Aurum,
807 885 866 938 res
898 869 1025 970 quam
1060 865 1229 944 comiter

181 975 414 1080 excipimus,
444 971 705 1080 pulcherrima
733 971 918 1079 posseffio.
975 975 1092 1066 Item,
1131 977 1223 1053 Au-

181 1111 270 1162 rum
291 1083 468 1190 estquod
484 1084 710 1162 mortalibus
722 1084 900 1192 imperat.
958 1085 1031 1164 Sed
1043 1083 1141 1192 quid
1157 1087 1223 1163 in-

182 1195 297 1272 terim
317 1193 438 1286 rifisti,
466 1193 615 1274 Galle?
669 1195 794 1272 Gne.
828 1194 1030 1299 Quoniam
1061 1211 1104 1272 to
1121 1221 1223 1302 qno·

27 1318 33 1405 ,3
122 1381 125 1388 ,
180 1331 259 1414 que
296 1331 364 1414 per
400 1305 604 1398 inscitiam,
632 1304 812 1408 Micylle,
841 1303 956 1383 fimili
1001 1307 1120 1384 modo
1146 1305 1224 1385 sal-

26 1422 32 1449 “·
91 1511 95 1522 1
181 1415 271 1498 letis
291 1417 473 1525 opinione
492 1415 539 1497 de
565 1415 763 1506 divitibus,
789 1441 873 1522 quo
893 1413 1059 1524 vulgus:
1087 1411 1225 1498 veriam

181 1525 315 1636 (crede
335 1525 452 1630 mihi)
483 1523 599 1636 longe
622 1531 931 1606 arumnofiorem
951 1527 1085 1619 uitam,
1104 1523 1223 1627 quam

180 1663 263 1728 vos,
294 1655 441 1746 agunt:
467 1637 550 1718 haec
570 1655 698 1716 autem
719 1637 791 1715 tibi
810 1638 962 1744 loquor,
994 1638 1063 1748 qui
1081 1637 1160 1746 ipse
1178 1639 1221 1716 de

181 1775 339 1857 pauper,
371 1749 410 1826 dc
430 1747 534 1828 dives
552 1747 759 1856 aliquando
777 1745 935 1840 fuerim,
959 1767 1081 1856 atque
1103 1775 1221 1828 omne

182 1859 268 1936 vitae
288 1885 408 1966 genus
429 1860 498 1938 sim
518 1877 728 1967 expertus:
759 1857 871 1966 porrd
885 1856 1002 1974 paulo
1029 1857 1112 1966 post
1140 1859 1224 1964 ipse
1250 1954 1253 1960 1

212 1967 435 2078 uoquehaec
470 1969 602 2050 omnia
635 1969 853 2074 cognosces.
908 1969 1090 2048 M1cra.
1147 1967 1223 2060 Per

177 1995 318 2182 lovem
357 2077 625 2186 tempestivum
660 2082 747 2184 jam
789 2079 843 2156 est
893 2097 937 2158 ut
980 2097 1024 2158 tu
1065 2077 1218 2182 reseras,-
1250 2181 1254 2186 .

176 2189 377 2296 quomodo
407 2187 694 2270 transformatus
730 2188 790 2280 fis,
809 2238 813 2250 ,
833 2189 872 2266 &
902 2189 996 2298 quid
1031 2191 1071 2268 in
1116 2215 1220 2278 uno,

58 2333 62 2346 ¹
175 2324 335 2409 quoque
374 2299 459 2382 vitae
494 2325 631 2408 genere
678 2299 923 2408 perspexeris.
980 2299 1102 2380 Gna.
1133 2307 1219 2379 Au·

178 2409 312 2504 sculta,
342 2409 417 2492 hoc
453 2407 604 2492 tantum
637 2413 883 2520 praemonitus
922 2437 986 2491 me
1020 2412 1220 2520 neminem

177 2518 391 2624 feliciorem
421 2521 461 2604 in
492 2521 599 2613 vitta
628 2517 745 2630 quim
780 2539 822 2600 tu
857 2523 917 2615 sas,
944 2533 1120 2630 'unquam
1156 2523 1219 2614 vi-

176 2630 282 2712 disse.
339 2633 517 2714 Mrcvs.
549 2627 680 2742 Qam
699 2659 771 2740 ego
791 2633 874 2725 fim,
903 2632 930 2711 ὃ
946 2633 1061 2718 Galle
1080 2632 1094 2708 i
1114 2629 1217 2711 hanc·

175 2737 402 2824 felicitatem
441 2745 512 2824 tibi
553 2745 621 2856 ipsa
671 2745 887 2850 imprecor:
935 2771 1025 2822 nam
1069 2737 1217 2851 mete
1287 2773 1312 2814 .-

176 2855 370 2966 increpare
399 2855 582 2964 impellis.
659 2850 807 2934 Verum
845 2881 928 2964 age,
959 2879 1064 2932 narra
1086 2879 1216 2940 ,exor-

174 2967 283 3048 diens
323 2966 369 3044 ab
409 2965 746 3075 Euphorbo,.quo
783 2970 895 3072 paeto
929 2961 1044 3046 saeris
1075 2962 1216 3069 in¹Py·

174 3073 376 3186 thagoram
414 3075 734 3165 transformatus3
764 3077 943 3186 deinceps
979 3069 1112 3154 ordine
1144 3073 1210 3152 us-

171 3201 264 3297 que·
295 3187 339 3266 ad
379 3187 569 3282 Galluma
613 3186 909 3268 consentaneum
943 3185 1048 3264 enim
1084 3181 1136 3264 est
1168 3201 1209 3264 te

172 3299 290 3376 varias
329 3320 385 3376 res
421 3315 505 3380 tum
534 3297 677 3391 vidiffe,
707 3317 793 3377 tum
831 3295 954 3378 tulisse
974 3299 1016 3376 in·
1034 3313 1114 3374 tam
1146 3293 1212 3374 di·

171 3411 282 3490 versia
300 3411 383 3490 vltae
403 3407 551 3490 formis.
611 3411 730 3512 Gan.
769 3407 1118 3516 Qemadmodum
1150 3405 1212 3484 in‘-
1262 3497 1266 3506 Δ

172 3520 242 3602 itio
276 3522 322 3601 ab
358 3519 539 3628 Apolline
566 3521 734 3632 profesta
760 3523 887 3596 anima
908 3522 948 3598 in
969 3535 1107 3597 terram
1142 3515 1211 3592 de-

171 3631 390 3724 voluis&
427 3655 564 3740 corpus
601 3629 817 3712 humanum
851 3627 1022 3720 subierit,
1052 3643 1096 3703 ut
1129 3623 1213 3704 illic

169 3769 325 3852 prunam
354 3742 547 3850 quandam
566 3741 809 3849 dependeret,
840 3737 1002 3848 longum
1022 3737 1126 3814 diua
1141 3728 1208 3814 sol·

169 3871 240 3946 ret,
273 3848 451 3962 praterea
471 3877 593 3958 neque
613 3847 711 3932 inihi
731 3848 868 3929 referre
892 3850 949 3931 sas
985 3845 1052 3939 est,
1079 3867 1210 3952 neque
1244 3917 1247 3922 .

167 3963 239 4045 tibl
272 3951 464 4070 'ejtllmodi
500 3962 645 4045 audire.
699 3961 984 4076 =Verumubi
1025 3955 1239 4143 Euphlprss.

186 4105 189 4116 ⁵
366 4091 373 4102 ·
1160 4089 1209 4146 us
1266 4134 1271 4138 .
