2914 4724
462 190 810 347 MoRruoR
858 229 1183 318 urntoor
1250 249 1328 346 273
1436 351 1438 354 Ι

251 303 448 454 strabit:
484 401 555 454 nec
580 369 694 452 mane
717 373 894 498 deceptis
925 349 1230 454 adolescentibus
1265 361 1348 450 sua'

252 449 467 586 sapientia
504 486 710 598 pecuniam
748 483 923 589 accipiet
981 481 1081 562 Haec
1121 482 1224 570 sunt
1243 500 1329 590 quae

282 588 343 670 illi
383 593 528 670 dolent.
593 591 668 670 Pn.
698 595 763 670 An
794 593 894 681 tibi,
925 592 1128 700 Menippe,
1176 608 1328 669 mortu-

283 717 367 778 um
379 689 453 798 effe
483 704 687 782 molestum
724 695 943 786 nonest?
958 702 1083 780 Meu.
1117 695 1328 812 Qomodo

178 817 207 915 ζ
281 791 458 913 molestari
472 813 532 916 stt
568 813 678 903 milri,
710 811 779 910 qui
809 811 868 888 ad
893 829 1074 902 mortem,
1117 811 1226 890 nullo
1255 837 1327 887 νο

281 941 406 1013 cante,
436 921 654 1001 festinavi?
699 915 852 999 Verum
886 947 1025 1000 nonne
1054 921 1201 1001 clamor
1235 921 1327 1027 qui

229 1027 249 1121 f
280 1029 383 1126 dam,
425 1033 581 1112 interim
611 1033 707 1111 dum
736 1029 1066 1122 confabulamut,
1078 1031 1197 1110 veluti
1227 1055 1329 1140 quo-¹

279 1143 442 1224 fundam
500 1145 542 1221 in
592 1141 690 1222 terra
747 1139 1038 1218 vociferantium
1096 1136 1325 1220 exauditur?

277 1249 433 1331 Maleo.
466 1253 611 1352 Etiam,
647 1251 857 1376 Menippo:
899 1277 970 1330 neo
986 1252 1048 1327 ab
1068 1277 1144 1328 uno
1163 1247 1327 1376 quidem

278 1357 380 1438 locor
456 1364 529 1442 Sed
579 1361 699 1438 alii
689 1388 729 1436 m
775 1387 926 1438 unum
944 1377 1097 1438 coetum
1138 1363 1324 1448 conveni-

277 1485 397 1566 entes,
438 1469 515 1550 laeti
561 1471 688 1550 rident
733 1495 871 1550 omnes
896 1489 1069 1576 propter
1101 1468 1325 1577 ³Lampicbi

235 1578 239 1584 ’
275 1577 460 1674 mortem,
487 1583 543 1658 ¹&
572 1607 671 1660 uxor
708 1580 789 1686 ejus
822 1605 844 1658 a
873 1580 1099 1686 mulieribus
1118 1579 1323 1658 circunda-

228 1705 351 1791 ¹tur,
401 1692 442 1770 dr
475 1691 587 1770 liberi
620 1715 749 1770 recens
784 1691 878 1780 nari,
921 1690 1040 1767 etiam
1082 1688 1140 1766 illi
1183 1691 1351 1795 pariter

275 1800 439 1878 crebris
458 1801 651 1909 lapidibus
691 1827 713 1878 a
751 1801 878 1906 pueris
904 1797 1129 1878 feriuntur-r.
1148 1800 1218 1878 alii
1234 1796 1323 1878 verb
1392 1814 1400 1828 '

272 1907 557 2018 Diophantum
591 1908 812 1991 Rhetorem
841 1910 1021 2001 laudant,
1075 1911 1140 1988 in
1158 1908 1322 2015 Sicyone

198 2057 210 2062 ·
251 2016 454 2100 ¹-funebres
497 2023 686 2124 orationes
731 2043 803 2127 pro
840 2017 1085 2099 Cratone'r
1040 2020 1085 2098 ist
1088 2041 1122 2096 o
1155 2023 1321 2114 recitan

272 2143 396 2212 tem
418 2151 534 2240 atque
570 2159 637 2240 per
669 2131 852 2236 Jovem,
850 2131 1066 2212 Damafiae
1084 2149 1205 2208 mater
1229 2133 1318 2210 ulo·-

108 2237 129 2255 ”
217 2244 219 2251 '
252 2240 369 2334 -lans,
412 2243 730 2346 lamentationem
764 2267 835 2346 pro
869 2241 1058 2322 Damafia
1077 2267 1169 2318 cum
1200 2242 1319 2319 muli*⁴

223 2442 228 2452 ι
270 2353 427 2430 eribus
416 2369 642 2458 mcoeptat
674 2353 735 2428 Te
751 2347 857 2440 verb
885 2351 1086 2456 Menippe,
1114 2377 1228 2428 nemo
1247 2352 1318 2428 de·
1373 2417 1376 2425 Β

152 2557 153 2562 ¹
270 2463 409 2568 plorat,
450 2465 489 2540 do
524 2458 658 2538 solus
642 2485 746 2566 Jaces
779 2459 1030 2562 tranquillus?
1071 2459 1197 2536 Meu.
1226 2461 1316 2566 Ne·-

151 2568 153 2572 ’
193 2596 223 2662 '.
272 2597 496 2677 quaquamr
544 2596 635 2648 nam
668 2565 772 2646 haud
803 2569 947 2644 multo
960 2569 1056 2672 post,
1096 2595 1206 2646 canes
1237 2571 1317 2646 mia·

192 2725 194 2728 v
271 2679 480 2758 ferabiliter
512 2697 664 2788 propter
691 2703 756 2756 mo
785 2676 963 2754 latrantes
988 2677 1135 2766 audies>
1165 2679 1218 2754 dc
1208 2702 1316 2772 cor

143 2871 149 2882 ,
270 2815 339 2868 uos
368 2783 436 2866 alis
467 2783 540 2868 sese
569 2791 822 2876 verberantes,
871 2785 1027 2893 quando
1051 2787 1096 2864 ad
1130 2785 1314 2892 sepelien·¹
1367 2838 1368 2842 =
1441 2825 1442 2828 ¹

152 2903 165 2994 's
267 2899 366 2978 dum
388 2926 451 2978 me
470 2918 711 2978 convenlent
750 2899 900 2975 Murro.
919 2897 1202 2990 Generosuses,
1213 2899 1313 2975 Mc
1399 2966 1401 2976 ,

57 3007 61 3014 ’
181 3092 185 3100 s
269 3012 408 3118 nippea
457 3013 527 3088 Sed
548 3033 673 3117 quta
657 3036 741 3113 am
759 3008 1099 3099 transfretavimus,
1126 3009 1226 3086 abite
1247 3037 1312 3088 vos
1441 3069 1442 3072 ,

267 3123 316 3200 ad
348 3121 478 3200 forum
509 3121 694 3228 judiciale
723 3115 845 3196 redd
842 3118 1052 3224 perhanc
1086 3120 1188 3197 viam
1219 3145 1312 3224 pro

267 3234 495 3337 gredientes.
553 3230 640 3336 Ego
673 3227 774 3318 verb,
802 3231 851 3306 de
872 3229 1033 3353 portitor
1063 3229 1154 3306 alios
1181 3241 1310 3306 acce'r-
1347 3252 1351 3258 ·

267 3342 405 3419 semus.
449 3341 582 3418 Meu.
617 3322 796 3425 Feliciter
814 3339 1025 3442 navigate,
1061 3341 1096 3415 ὂ
1116 3341 1309 3430 Mercurir

217 3487 220 3495 ·
268 3450 365 3527 Nos
367 3449 471 3528 verb
504 3452 803 3556 progrediamur
839 3451 970 3556 Qid
1001 3448 1126 3527 adhuc
1157 3455 1309 3528 cundia-
1356 3465 1363 3482 ⁸

148 3650 151 3653 J
268 3561 393 3637 mini?
420 3560 582 3666 judicari
615 3559 828 3668 oportebit:
862 3553 902 3636 dc
935 3585 1065 3664 graves
1085 3561 1218 3638 dicunt
1239 3558 1310 3636 effe

269 3694 420 3776 poenas.
461 3687 572 3762 rotas',
616 3671 800 3761 vultures,
845 3669 943 3748 sarta
1001 3667 1310 3812 Uniuscojusque

265 3799 397 3861 sutem
418 3782 493 3860 vita
512 3779 681 3890 patefiet.
746 3822 751 3834 »

687 3991 900 4126 “Βχ
1117 3985 1307 4097 ,ΒΒΒ
