2894 4720
131 253 210 374 3u
451 187 939 334 cucurut-

132 387 281 494 digner,
323 383 463 494 &pro
493 382 597 470 ¹virili
616 383 751 475 enitar,
794 407 859 462 eos
878 382 972 465 inde
988 409 1183 478 revocare,
1304 397 1310 411 ¹

133 497 234 584 &in
268 488 487 574 libertatem
519 493 727 576 vindicare.
785 492 932 575 Videor
950 489 1081 574 autem
1102 496 1184 574 mi·

133 599 177 686 tii
211 601 312 684 ‘reete
344 597 536 696 factumn,¹
575 605 603 684 fi
638 604 771 696 causae,
813 605 866 684 ob
897 631 991 713 quas
1027 603 1075 684 ad
1105 603 1186 686 hoe-

133 719 222 812 uitae
240 741 360 824 genus
389 715 549 829 quidem
583 715 620 793 se
639 712 859 818 conserunt,
899 713 1077 810 eitcussis,
1120 741 1185 804 eas

135 854 207 924 nec
228 823 336 906 valde
369 831 547 934 urgentes
580 851 651 904 nec
666 823 883 906 necessarias
914 825 987 906 esse
1020 827 1187 908 demon·

137 933 312 1018 stravero.
380 935 443 1015 Sic
468 937 573 1014 enim
590 933 732 1014 ‘omnis
752 935 947 1014 excusatio
978 937 1070 1016 ittis‘
1086 964 1188 1046 prae·

137 1047 311 1158 ripietur,
358 1041 610 1154 primumque
646 1043 851 1148 subeunda
887 1043 1075 1126 servitutis
1112 1049 1185 1126 'vo-
1241 1061 1245 1066 '

135 1157 310 1238 luntatiae
353 1174 641 1262 argumentum.
712 1154 892 1264 Plerique
930 1157 1048 1264 igitur
1088 1179 1184 1264 pau-·

121 1261 338 1390 tpeitatem,
378 1267 562 1348 &rerum
593 1265 880 1348 necessariarum
900 1267 1071 1374 inopiam
1093 1295 1186 1375 pro·

139 1375 341 1484 ponentes‘,
371 1396 599 1486 praetextum
619 1375 725 1456 hunc
745 1375 830 1455 satis
850 1377 1033 1483 idoneum
1054 1378 1089 1456 se
1109 1377 1191 1485 puss·
1286 1423 1288 1430 ·

139 1485 468 1592 tantobtendisi'e,‹
500 1486 607 1596 quid
627 1487 729 1568 uitro
762 1487 808 1567 ad
841 1486 917 1607 iioc
952 1491 1037 1568 vitae
1065 1515 1190 1594 genus

139 1595 376 1678 accesserint:
424 1605 468 1678 ac
505 1599 573 1678 srbi
607 1597 775 1677 sufficere
796 1597 970 1690 credunt,
1014 1599 1190 1678 sidicant

139 1709 249 1788 veniri
286 1709 450 1819 dignum
466 1707 543 1788 esse
565 1707 678 1815 ‘quod
712 1707 875 1798 faciunt,
922 1695 1046 1820 quum
1068 1701 1123 1790 rei
1146 1710 1194 1789 in.

139 1819 218 1898 vira
235 1817 520 1909 molestiffimae,
550 1846 690 1926 nempe
712 1820 958 1926 paupertatis,
997 1817 1190 1926 effugium

143 1947 333 2038 quarunt.
391 1927 526 2008 Postea
544 1928 745 2038 Theognis
765 1931 818 2009 est
838 1931 1092 2038 inpromptu,
1112 1957 1192 2008 cre-

143 2036 337 2146 brumque
373 2037 472 2116 iliud
507 2037 546 2116 in
579 2063 658 2131 ore,
707 2067 791 2118 num
824 2039 936 2120 omnis
963 2057 1195 2150 paupertate
1250 2057 1253 2064 '

127 2147 339 2257 firbigitnr.
397 2146 450 2228 Et
483 2165 679 2254 quotquot
708 2149 781 2228 alia
812 2151 989 2228 terricula
1015 2145 1192 2258 abjectis-

139 2261 225 2338 fimi
254 2259 408 2368 quique
437 2264 561 2368 poe'tae
599 2259 646 2338 de
683 2279 904 2368 paupertate
936 2263 1192 2370 protulerunt.

139 2368 340 2479 Equidem
386 2369 415 2450 st
462 2367 623 2456 viderim
658 2397 707 2449 ex
744 2369 967 2480 hujusmodi
1011 2373 1192 2452 convictu

142 2508 206 2558 ens
228 2480 315 2560 vere
347 2479 579 2588 paupertatis
608 2478 797 2588 effugium
820 2479 974 2590 aliquod
1009 2482 1191 2576 nancisci,

142 2586 220 2670 iton
257 2590 469 2673 a'dm'odum
503 2589 628 2670 anxie
659 2594 831 2680 cumeis
862 2597 909 2672 de
931 2591 1222 2672 uehementer

141 2699 407 2808 amplectendi
444 2699 620 2782 libertate
649 2700 922 2808 disceptarem:
967 2703 1029 2798 sed
1064 2730 1191 2812 quan-

142 2813 369 2924 doquidem,
416 2830 473 2888 ut«
505 2812 680 2918 egregius
725 2813 865 2892 alicubi
912 2809 1038 2893 orator
1074 2805 1190 2906 dixii,

144 2941 374 3030 aegrotorum
407 2921 601 3000 alimentis
627 2921 765 3029 suptilia
792 2925 980 3030 capiunt,·
1008 2924 1078 3032 qui
1107 2925 1193 3030 ¹sieri

144 3031 270 3140 possit,
313 3048 356 3112 ut
390 3057 466 3110 non
493 3032 533 3109 in
555 3029 637 3108 hoc‘
657 3029 781 3140 ipsum
818 3031 1019 3142 maiestbi
1048 3034 1194 3112 consu·-
1273 3101 1279 3116 t

144 3140 250 3220 iussc
271 3142 498 3232 videantur,
524 3143 710 3222 nimirum
731 3141 879 3252 semper
904 3143 980 3223 illis
1010 3165 1192 3226 manente

14 3249 18 3256 ’
144 3250 283 3344 eodem
325 3252 412 3330 vitae
453 3251 556 3330 illius
590 3255 840 3358 argumento?
900 3255 1048 3362 semper
1084 3257 1192 3335 enim

145 3379 269 3442 manet
302 3378 514 3470 paupertas,
550 3363 699 3472 semper
736 3365 907 3472 accipere
941 3365 1083 3446 necesse
1120 3367 1190 3458 est,
1225 3395 1230 3402 ·

38 3505 55 3530 a
147 3472 246 3550 nihii
294 3473 501 3580 seponitur,
550 3472 648 3552 nihil
687 3473 849 3579 superest
885 3479 991 3586 qu'od
1027 3477 1194 3556 reserve-

96 3651 101 3659 .
145 3603 227 3675 tur;
273 3580 624 3690 verum'quicquid
659 3583 793 3662 datum
822 3582 954 3675 suerit,
998 3609 1040 3665 ut
1065 3589 1194 3678 detur,

146 3712 189 3770 ut
227 3687 374 3777 affatim
404 3695 587 3800 capiatur,
642 3694 788 3799 prorsus
819 3701 935 3773 omne
974 3697 1193 3788 insumitur,

146 3803 186 3882 &
217 3804 270 3882 ita
304 3824 345 3882 ut
377 3831 423 3880 ne
455 3803 492 3880 id
524 3799 683 3910 quidem
715 3803 753 3880 in
776 3806 874 3883 usus
902 3807 1076 3887 sufficiat.
1134 3809 1193 3890 At
1284 3839 1289 3851 ’

151 3913 247 3992 hene
280 3903 444 4003 cederet,
506 3913 533 3992 fi
568 3937 643 3994 nou
677 3918 937 4023 excogitarent
969 3918 1193 4025 hujusmodi

1100 4028 1207 4111 subm
