2894 4720
122 203 202 314 40⁶
434 134 862 282 nucrnu'r'

128 355 211 416 tam
246 331 508 440 tranquillam,
552 329 811 440 somnumque
841 328 902 410 ad¹
922 327 1180 438 cupiditatem

127 444 362 536 dimensum,
381 437 573 524 aciiberas
586 442 927 534 deambulationes,
957 441 1049 520 &in
1061 435 1180 546 quale

130 553 356 634 barathrum
378 572 526 634 memet
558 556 794 664 praecipitem
819 551 907 630 dedi
918 544 940 630 i·
977 547 1181 656 quorsum,

86 729 89 734 .
129 653 483 747 Dii'i'mmortales!
509 684 598 746 ›aut
632 665 828 774 quoddam
859 659 913 739 est
945 655 1021 738 hoc
1052 658 1181 764 splen-

113 774 267 873 ¹didum
293 775 521 884 praemium?
565 777 779 856 nonenim
812 769 895 851 fieri
927 786 1089 879 poterat,
1137 781 1182 848 ut
1220 851 1227 861 ,

131 883 260 992 plures
292 885 369 962 illis
395 884 692 966 commoditates
712 883 788 960 alio
808 881 927 986 modo
958 878 1058 962 mihi
1089 876 1183 983 sup·

130 995 364 1107 peditarem:
410 997 505 1102 quin
524 994 787 1081 &accedebat
815 991 992 1082 libertas„
1027 981 1215 1070 omnia?

131 1128 210 1209 que
232 1097 351 1212 penes'
377 1131 440 1184 me
465 1122 584 1190 erant.
642 1103 763 1182 Nunc
790 1099 892 1195 uero,
933 1099 1040 1210 quod
1060 1098 1183 1187 aiunt,

17 1251 21 1256 ·
131 1212 195 1291 leo
223 1213 383 1296 corduld
418 1215 557 1307 victos,
614 1214 760 1294 sursum
808 1239 852 1292 ac
895 1207 1072 1290 deorsum
1105 1209 1185 1288 cir-

132 1321 350 1404 cumseror:
401 1327 583 1434 quodque
615 1324 795 1407 omniurn
825 1321 879 1402 est
912 1316 1082 1400 maxime
1110 1320 1184 1402 de·

39 1505 40 1508 a
133 1430 381 1540 plorandum,
431 1463 501 1516 nec
534 1432 866 1543 efficeropoffum
898 1449 942 1512 ut
978 1431 1018 1510 in
1052 1429 1185 1510 existi-

132 1543 305 1624 matione
330 1546 416 1638 fim,
463 1571 535 1627 nec
569 1546 731 1654 gratiam
749 1545 909 1624 emereri
941 1567 1066 1650 queo:
1110 1538 1184 1616 ha·

107 1657 224 1734 'rum
261 1655 368 1734 enim
405 1682 532 1736 rerum
571 1656 675 1735 rudis
722 1653 821 1748 sum,
884 1679 927 1732 ac
964 1650 1183 1758 imperitus,

133 1762 359 1845 maximdsr
389 1766 578 1846 cumillis
607 1790 820 1871 comparer,
867 1763 935 1871 qui
968 1761 1050 1865 hac
1078 1759 1187 1840 velut

134 1885 260 1953 artem
295 1873 534 1982 profitentur.
600 1873 765 1956 Proinde
808 1871 1041 1980 injucundus
1084 1870 1185 1972 sum,

136 2009 181 2063 ac
201 1981 367 2068 minime
383 1987 568 2064 conviviis
592 2003 716 2093 aptus,
750 1985 894 2091 quippe¹
913 1983 981 2095 qui
1000 2008 1049 2062 ne
1067 1979 1187 2064 risum

76 2093 82 2112 ‘
136 2094 297 2198 quidem
316 2094 506 2189 concitare
525 2093 666 2174 ndrim.
741 2095 848 2195 Qin
885 2121 964 2184 me,
1010 2091 1105 2171 dum
1142 2092 1184 2169 in

136 2201 341 2308 conspectu
375 2205 455 2308 ejus
488 2203 585 2295 sum,
631 2203 836 2284 molestum
866 2203 937 2282 effe
962 2203 1019 2294 iili
1039 2200 1186 2280 intelli·

137 2337 204 2416 g0,
247 2339 291 2391 ac
325 2315 365 2398 in
392 2315 526 2420 primis
546 2325 670 2422 qu'um
689 2313 768 2427 ipse
789 2314 907 2420 seipso
927 2313 1009 2392 vult
1026 2311 1105 2404 ,effe
1117 2315 1205 2416 ju

138 2419 316 2512 cundior.
374 2423 437 2505 llli
461 2426 567 2508 enim
587 2425 741 2504 tetricus
762 2424 915 2506 videor:
959 2419 1185 2513 insumma,
1264 2444 1267 2456 '

139 2531 251 2610 nullo
272 2537 383 2641 pacto
402 2535 481 2642 ipti
502 2535 787 2632 accommodari
813 2531 975 2640 poffum.
1027 2533 1187 2616 Etenim

136 2642 315 2732 fimearn
338 2647 564 2756 gravitatem
585 2664 704 2736 tuear,
747 2645 992 2751 injucundus,
1033 2669 1188 2749 acpro·
1238 2645 1240 2656 ’

21 2820 22 2828 ,
137 2755 355 2858 pcmodom
391 2757 597 2862 fugiendus
633 2747 782 2834 videor:
831 2749 964 2832 contra
995 2754 1022 2832 fi
1059 2751 1214 2852 rifero,¹

14 2947 15 2952 η
139 2858 372 2970 vultrimque
387 2863 503 2970 quarn
528 2864 675 2970 poffum
696 2860 867 2943 maxime
887 2861 933 2940 ad
951 2862 1186 2948 hilaritatem

85 2971 88 2989 '
138 2975 424 3078 composuero‚‘
448 2977 664 3052 coutemnit
691 2977 810 3068 iilico,
851 2973 1060 3080 &respuit
1118 2969 1188 3050 Id·

38 3123 44 3134 *
139 3107 216 3185 que
246 3083 404 3186 perinde
426 3083 525 3168 mihi
560 3085 713 3163 videtur
733 3085 803 3162 effe
824 3109 866 3162 ac
898 3083 1011 3191 liquis
1031 3079 1188 3188 personia
1246 3178 1251 3182 ⁵

111 3189 284 3296 *tragica
329 3193 485 3296 indutus
530 3197 777 3273 Comoediam
816 3212 916 3300 agat.
988 3189 1207 3272 Postremo¹
1271 3244 1274 3257 ›

139 3319 256 3404 quam
278 3302 434 3382 tandem
464 3304 579 3382 aliam
605 3308 723 3383 vitam
750 3304 846 3382 mihi
866 3305 1022 3392 demens
1041 3303 1183 3392 vivam,

139 3408 388 3515 posteaquam
409 3412 517 3494 alteri
548 3413 647 3518 hanc
667 3413 769 3496 vixi?
827 3411 1035 3496 Dumhaec
1055 3431 1185 3495 tecum

56 3534 58 3543 ’
136 3519 352 3612 meditaris,
399 3522 525 3602 sonuit
567 3523 888 3616 tintinnabulum,
936 3525 975 3602 de
1000 3523 1083 3632 jam
1115 3549 1187 3602 ne-

137 3626 235 3716 ceffe
263 3632 316 3706 est
349 3633 482 3712 eadam
511 3633 754 3738 aggrediaris,
796 3633 1102 3733 &sobambolea
1145 3633 1185 3718 dr
1246 3635 1278 3722 '.

137 3733 224 3826 sses,
264 3739 327 3818 sed
347 3763 544 3822 ceromate
563 3745 728 3822 inunctis
755 3740 858 3851 prius
877 3743 1089 3823 femoribus
1111 3767 1183 3850 po.-

140 3844 390 3969 puriorisque,
436 3852 602 3941 fivmodo
620 3855 710 3946 velis
731 3881 797 3972 par
816 3853 887 3945 effe
906 3855 1042 3943 labori.
1100 3855 1185 4049 Dg·
1280 3945 1284 3948 ,

93 3997 97 4008 ⁴
179 3981 199 3995 “
285 4017 290 4026 ·
760 4035 769 4052 ,
1095 3965 1185 4053 ine
