2838 4706
314 292 387 372 Ds
418 258 745 370 MERCEDE
766 271 1155 378 CONDUCTIS.
1206 303 1281 404 3'9'1

240 423 284 501 s1t
313 419 621 528 respondendum
674 419 761 526 quis
805 417 894 494 esset
933 403 1158 502 Gtaedoram
1196 445 1278 507 rex,

239 531 349 610 mille
368 557 480 610 naves
510 529 587 608 illis
606 528 717 608 fuiffe
745 526 853 605 dicis.
910 525 1003 606 Hoc
1034 547 1163 607 autem
1192 546 1281 608 rno-

238 639 333 722 desti
370 641 560 746 pudorem
599 655 757 728 vocant,
804 637 978 720 audaces
1017 639 1281 730 timiditatem,

144 797 149 806 ·
238 751 409 860 improbi
447 748 536 828 verd
573 749 778 828 inscitiam.
855 749 923 825 Tu
960 749 1079 854 igitur
1115 751 1283 855 primam

236 859 338 939 hanc
388 861 516 939 divitis
556 859 796 938 comitatem
821 857 1171 996 periculqsrffimam
1213 887 1283 938 ex-

100 991 104 994 ·
236 989 381 1078 pertus,
425 971 606 1050 damnata
636 967 693 1046 tui
714 969 834 1046 animi
863 967 1002 1078 magud
1033 967 1282 1076 imbecillita

237 1099 274 1158 te
293 1078 469 1161 discedis
527 1073 647 1160 Porri)
681 1077 791 1155 ubi
777 1104 860 1181 Jam
892 1070 1032 1156 multas
1069 1081 1230 1158 nostes
1220 1097 1283 1158 rn-

235 1190 387 1302 somnes
407 1191 584 1282 duxeris,
631 1185 864 1294 multtlsque
883 1187 963 1264 dies
983 1201 1160 1271 'cruentos
1191 1209 1284 1295 ege·

109 1351 113 1358 -
237 1295 302 1392 ris,
340 1328 434 1378 non
467 1327 534 1409 per
561 1301 700 1431 Jovem
732 1298 892 1376 Helenae
911 1301 950 1374 dc
969 1295 1124 1376 Priami
1141 1299 1282 1406 Perga
1297 1351 1299 1362 Χ

236 1437 393 1516 motum
423 1439 550 1503 eausa,
597 1404 731 1488 verbm
766 1408 830 1517 spe
856 1409 1029 1516 quinque
1048 1409 1281 1502 obolorum

101 1544 109 1562 ²
237 1507 443 1626 contigerit
473 1542 603 1600 autem
638 1519 711 1598 tibi
740 1515 933 1626 quispiam
970 1519 1075 1614 Deus
1116 1521 1283 1626 tragicos

149 1675 155 1696 ·
235 1631 306 1738 qui
335 1632 407 1709 tibi
431 1631 550 1710 adstt:
598 1629 738 1708 exinde
759 1629 869 1706 restat
890 1645 932 1706 ut
952 1605 1158 1736 exploretis
1189 1648 1284 1714 num

234 1739 367 1820 literas
386 1740 502 1821 ndris.
560 1744 692 1847 Atque
715 1765 758 1816 ea
783 1719 944 1866 qoidem
973 1741 1192 1822 exercitatio
1220 1741 1282 1818 dl·
1310 1783 1314 1790 ·

236 1850 306 1938 viti
326 1872 404 1934 non
422 1852 476 1930 est
494 1822 718 1956 injucunda,
761 1852 909 1958 quippe
939 1876 1037 1982 qur
996 1849 1323 1928 laudaturam.

237 1959 366 2053 terim,
414 1989 458 2040 ac
492 1961 587 2041 felix
614 1961 865 2066 praedicatur.
908 1951 1095 2049 caetetirm
1117 1961 1219 2038 tibi'
1223 1963 1282 2036 vi
1364 1961 1367 1968 '

223 2069 349 2150 'detur
379 2091 463 2152 tum
503 2073 550 2150 de
587 2069 729 2158 animi,
778 2065 964 2176 omnique
999 2069 1077 2147 vird
1110 2071 1284 2176 propofio

110 2178 115 2186 ’
235 2201 322 2263 tum
342 2180 425 2261 esse
460 2202 678 2267 certamen:
720 2207 811 2258 nam
850 2181 904 2258 id
924 2169 1062 2260 merltd
1097 2195 1134 2258 t'e
1168 2181 1284 2276 subit,

234 2289 410 2372 sutorum
445 2312 489 2370 ut
508 2294 604 2371 alius
620 2278 736 2368 nemo
758 2308 795 2366 te
820 2290 1013 2392 admittat,
1054 2286 1146 2368 cbm
1167 2295 1283 2399 apri-

231 2429 299 2486 ore
303 2401 493 2528 teJ'edtus
522 2399 682 2492 suetis,
697 2395 869 2504 vrsusque
888 2397 1142 2505 despicabilis
1194 2405 1282 2480 Cd-

182 2597 191 2602 ,
229 2510 333 2620 geris
367 2511 486 2618 igitur
516 2511 568 2602 in
591 2513 710 2588 varias
743 2535 852 2586 curas
888 2507 1058 2600 distrahi,
1099 2509 1197 2588 dum
1232 2515 1281 2592 iis
1378 2542 1380 2551 ·

234 2620 381 2699 invides
400 2623 482 2730 qui
510 2620 582 2700 tibi
609 2619 844 2699 ΧΧῙΧΧΧΧΧΧΧ
886 2611 1008 2746 (finge
1041 2621 1147 2698 erim
1167 2623 1282 2726 &¹
1237 2651 1282 2700 a

136 2761 139 2768 ·
232 2727 399 2810 liosesse
422 2731 591 2837 ejusdem
612 2726 777 2810 sottunae
809 2733 1095 2836 competitores,
1137 2719 1283 2812 tever'b
1332 2760 1334 2765 ·

233 2841 306 2920 tibi
341 2760 461 2920 videri
492 2845 630 2924 cundia
661 2867 740 2922 non
770 2839 1018 2920 sufficienter
1037 2839 1280 2946 respondisse)
1326 2899 1330 2920 ,
1396 2899 1397 2908 Χ

232 2951 329 3033 dum
356 2953 472 3036 eriam
507 2955 661 3044 metuis,
706 2953 746 3030 dc
778 2951 926 3058 speras,
962 2951 1052 3029 'do
1041 2975 1082 3028 ΧΧ
1113 2951 1193 3055 ejus
1221 2949 1283 3037 fa·

135 3099 174 3144 ,'
230 3063 334 3142 ci‘em
372 3064 528 3142 oculos
540 3063 697 3170 defigis:
746 3061 920 3168 dt‘tmque
958 3059 1072 3170 per-is,
1120 3061 1282 3178 siparvi

232 3169 348 3252 sacrat
367 3198 430 3264 ea
468 3201 552 3310 quae
571 3173 698 3256 dicis
727 3191 772 3251 at
801 3169 958 3278 gaudes,
1005 3161 1283 3278 timiditatem

233 3283 353 3375 audit,
384 3311 427 3364 ac
448 3282 548 3362 bona
562 3286 624 3392 spe
642 3283 762 3363 fultus
783 3281 971 3362 consistis:
1019 3271 1281 3360 Conseslaba-

233 3421 303 3472 um
333 3407 462 3472 autem
483 3395 537 3474 est
563 3396 706 3474 multos
727 3393 799 3474 esse
826 3395 893 3500 qui
921 3391 993 3471 tibi
1024 3389 1279 3484 adversentur,
1371 3464 1373 3470 .

117 3573 118 3578 ,
234 3499 402 3611 alidsque
422 3522 489 3584 tuo
506 3504 593 3583 loco
613 3531 777 3612 ponere
768 3505 927 3608 velint:
962 3506 1157 3610 quorum
1164 3498 1284 3609 urias

233 3611 409 3724 quisque
429 3611 651 3694 claticulum
689 3615 794 3696 velut
834 3639 909 3690 ex
904 3611 1104 3691 insrdiis
1089 3641 1129 3689 m
1156 3627 1265 3690 tar
1223 3614 1265 3718 ja
1267 3659 1285 3675 -

232 3723 396 3802 colatur.
484 3723 636 3804 Deinde
667 3725 794 3843 cogita
822 3706 1018 3858 promissa
1055 3722 1188 3810 barba,
1245 3724 1284 3800 dc

232 3830 329 3912 cani
366 3831 513 3912 caesarie
544 3835 670 3916 virum
704 3835 952 3925 examinari,
948 3833 1189 3938 'numquid
1201 3837 1284 3910 otl-

230 3941 270 4032 le
300 3939 416 4038 ndrit,
461 3945 602 4026 &aliis
614 3947 783 4057 quidem
813 3945 941 4048 scire,
962 3943 1053 4022 allis
1068 3944 1213 4033 ·sedus,=
1224 3945 1282 4020 vi·

305 4091 310 4130 Χ
679 4057 710 4136 Β
741 4057 764 4132 b
794 4080 821 4156 4
1187 4052 1287 4139 deri:
