2894 4720
162 283 269 396 380
352 366 357 379 ,
402 217 927 376 ιΝΝιιΝἰ

95 485 99 502 ,
163 416 295 522 sycles.
369 411 548 493 Turne.
592 407 683 490 Non
715 409 790 490 hoc
822 411 953 492 animo
983 409 1048 498 ud
1070 428 1110 494 te
1142 437 1215 494 ve·

164 529 245 616 nio,
282 523 446 616 Timon,
489 551 566 624 quo
598 523 758 631 plurimi
789 521 862 613 isti,
902 523 1047 606 scilicet
1076 551 1155 655 quo
1185 526 1216 606 ii
1301 597 1303 602 ,

165 641 336 744 quituas
370 662 462 741 opes
466 635 685 724 admirati,
729 635 889 740 arg-enti,
939 637 1035 724 auri,
1074 644 1214 744 opipa-

80 847 82 852 .
134 775 294 826 rorum
333 747 598 824 conviviorum
639 744 702 852 spe
729 747 885 824 addue‘li
922 766 1214 840 concurrerunt,

150 825 344 936 -multani
370 857 658 934 assentationem
704 854 915 936 exhibituri
951 857 1053 964 apud
1086 857 1216 940 homi-

34 983 35 989 ‘
164 995 269 1058 nem,
301 968 424 1072 qualis
452 986 493 1044 tu
513 992 567 1056 es,
598 965 827 1078 simplicem,
871 967 910 1046 δι
939 994 996 1046 res
1023 967 1215 1052 suascum

164 1080 246 1157 aliis
269 1075 387 1155 sacili:
405 1079 788 1158 communicantem.
847 1078 927 1156 Scis
960 1079 1066 1160 enim
1091 1079 1213 1164 offam

163 1191 203 1266 in
228 1215 381 1267 coenam
402 1189 499 1266 mihi
522 1189 574 1266 sat
601 1187 686 1278 esse,
717 1185 920 1294 opsonium
948 1187 1038 1268 vero
1071 1190 1212 1268 suavis·

163 1299 319 1390 fimum,
361 1325 484 1406 coepe,
526 1318 591 1376 aut
615 1299 887 1388 nasturtium,
905 1319 970 1376 aut
999 1299 1026 1380 fi
1056 1301 1214 1408 quando
1283 1383 1286 1394 ,

13 1429 43 1483 Ψ
164 1411 296 1488 lubeat
325 1413 468 1516 epulari
503 1405 656 1499 lautius,
706 1411 864 1516 paulum
910 1411 1015 1490 salis:
1051 1431 1214 1520 potum
1305 1493 1310 1504 ,

163 1519 254 1598 verh
301 1522 393 1600 mihi
449 1522 751 1600 Enneacrunum
772 1518 1066 1632 strppeditare:
1125 1541 1214 1608 tum

163 1631 240 1712 hoc
279 1633 440 1740 pallium
494 1629 628 1748 quavis
666 1631 836 1739 purpura
884 1633 1030 1742 potius.
1103 1631 1215 1716 Nam

165 1763 301 1821 aurum
340 1741 438 1822 mihi
473 1735 632 1848 quidem
669 1742 793 1820 nihilo
829 1743 1026 1850 pretiosius
1063 1743 1214 1820 videtur

164 1855 210 1931 iis
256 1857 323 1960 qui
373 1856 411 1930 in
450 1853 644 1931 littoribus
683 1852 782 1946 sunt,
831 1854 985 1960 lapillis
1062 1849 1213 1938 Verhm
1291 1911 1293 1914 -

84 1979 90 1994 “
164 1965 231 2042 tua
257 1967 370 2070 ipsius
402 1963 523 2070 gratia
548 1963 624 2040 huc
658 1990 723 2042 me
755 1964 919 2055 contuli,
969 1991 1017 2042 ne
1050 1982 1088 2042 te
1123 1991 1213 2064 cor

164 2094 359 2184 rumpam,
418 2075 575 2200 pessima
618 2073 661 2150 δι
709 2074 984 2154 insrdiosrffima
1027 2057 1211 2198 posseffio,

162 2185 319 2275 divitiae,
374 2186 518 2294 quippe
552 2193 636 2289 quae
671 2184 826 2263 multis·
822 2181 1155 2314 saepenumero
1131 2213 1212 2266 rm-

164 2297 458 2373 medicahilium
497 2297 689 2373 malorum
726 2295 835 2375 causa
868 2298 1079 2381 extiterint.
1137 2299 1212 2376 Et·

164 2409 286 2498 enim,
330 2409 440 2488 srme
461 2406 603 2498 audies,
646 2426 733 2485 anre
759 2433 890 2486 omma
909 2435 1000 2515 opes
1022 2405 1211 2486 universas
1298 2452 1300 2460 ,

164 2521 204 2596 in
235 2547 338 2597 mare
371 2519 560 2626 projicieS,
603 2529 737 2625 utpote
771 2545 848 2596 non
869 2519 1085 2602 neceffarias
1108 2519 1211 2601 hono

164 2631 247 2708 viro
268 2635 416 2746 quippe
447 2628 703 2735 Philosophia
722 2629 832 2736 poffit
861 2655 966 2737 opes
974 2629 1209 2738 perspiceret

164 2769 214 2842 ne
247 2764 374 2819 tamen
407 2742 447 2818 in
482 2737 798 2844 profundum,
778 2769 802 2818 o
839 2743 953 2832 bone,
989 2739 1062 2820 sed
1089 2766 1210 2847 prope

164 2853 371 2958 inguinum
402 2871 512 2931 tenus
546 2851 742 2956 ingressus,
786 2850 901 2956 paulo
936 2851 1033 2929 ultra
1067 2851 1211 2930 fluetu-
1231 2928 1236 2940 ,

165 2965 269 3046 osam
304 2964 426 3052 littus,
475 2985 538 3038 me
567 2987 645 3040 uno
681 2961 883 3068 spectante.
949 2963 1032 3040 sed
1068 2965 1093 3042 fi
1133 2959 1211 3041 hoc

165 3075 278 3162 nolis,
333 3091 376 3148 tu
424 3097 485 3149 eas
528 3071 603 3148 alio
649 3073 821 3180 potiore
843 3074 962 3152 modo
1005 3072 1210 3158 confestim

84 3227 86 3232 ·
165 3183 451 3271 domoefferas;
495 3204 538 3260 ac
566 3209 615 3259 nc
634 3183 810 3262 obolum
841 3184 1000 3294 quidem
1040 3185 1112 3262 tibi
1147 3209 1210 3260 re-

163 3293 317 3400 liquum
338 3293 469 3384 facias,
508 3293 670 3399 largiens
704 3296 997 3404 quibuscunque
1024 3321 1157 3422 opus
1139 3293 1209 3388 est,

162 3402 257 3482 huic
289 3407 469 3518 quidem
467 3405 655 3511 quinque
682 3401 931 3498 drachmas,
946 3406 1010 3482 alii
1043 3407 1209 3504 minam,

164 3516 229 3593 alii
261 3513 483 3594 talentum.¹
523 3514 643 3592 Porri)
675 3516 788 3622 siquis
822 3537 900 3594 erat
935 3515 1215 3642 Philosophus,
1251 3501 1260 3518 ⁶

163 3651 318 3744 aequum
357 3625 411 3706 est
460 3639 503 3703 ut
540 3626 700 3732 duplam
739 3625 943 3733 triplamve
985 3627 1210 3734 portionem
1295 3705 1299 3720 ,
1409 3673 1412 3682 ι

33 3736 70 3754 “’
163 3739 282 3814 serat:
344 3734 443 3816 mihi
491 3752 635 3826 autem,
696 3763 922 3846 quanquam
970 3739 1056 3816 mea
1093 3738 1210 3846 ipsrus

161 3846 283 3953 gratia
323 3876 415 3930 non
453 3845 619 3953 postulo,
666 3849 739 3934 sed
775 3871 822 3928 ut
859 3850 1010 3928 amicis.
1025 3849 1208 3955 indigen·
1265 3939 1271 3950 Ι

163 3959 301 4072 tibus
292 3959 552 4082 impertiam,
578 3956 631 4040 sat
663 3961 750 4056 erit,
791 3961 971 4070 siperam
1003 3959 1126 4069 hanc,
1159 3984 1224 4046 ne·
1285 3995 1290 4012 “

1040 4071 1208 4174 duos
1276 4082 1285 4116 ἰ
1405 4081 1410 4088 “
