2894 4720
162 263 244 345 410
465 173 882 360 puerant

164 373 237 452 fint
256 369 439 478 sapientes
458 369 497 448 δι
526 385 739 450 oratorcsr·
736 397 802 451 ac
834 369 1011 480 quam'vis
1038 367 1207 452 soloecis·
1298 367 1300 378 ’

77 514 83 533 ι
164 509 278 562 ιιιιιιιι
308 480 478 585 aliquem
504 480 806 572 commiserint,
823 481 863 560 id
896 481 1000 590 quod
1033 482 1111 560 dici
1146 486 1208 560 so-

118 681 120 694 ,
163 592 232 680 let,
257 589 642 696 Atticaeloquentid,
682 587 924 696 &Hymetti
954 591 1070 670 melle
1095 591 1207 698 plena

103 719 109 775 ὲ
162 701 335 780 videatur
360 699 496 793 oratio,
532 720 646 808 atque
666 703 876 808 deinceps
865 701 1050 808 rnlegem
1081 705 1231 793 abeat,
1304 787 1305 796 .
1429 765 1430 778 ,

162 830 207 892 ut
228 809 280 890 ita
298 811 504 918 loquantur
527 811 697 891 hominr's.
755 813 879 919 Atqui
898 811 996 904 haec,
1033 839 1117 918 quae
1137 812 1210 893 viri

161 921 324 1010 faciunt,
364 919 627 1001 sortaffe'sunt
663 919 832 1002 serenda.
893 924 948 1000 At
979 921 1066 1000 vero
1086 924 1208 1002 muli-

144 1029 257 1123 eres,
308 1035 417 1136 (nam
455 1031 680 1112 mulieribus
712 1029 788 1110 hoc
825 1031 941 1110 etiarn
976 1033 1099 1111 studio
1136 1033 1206 1125 est,

111 1239 112 1247 Ν
162 1161 207 1222 ut
241 1143 371 1222 doctos
403 1141 590 1250 aliquos
579 1171 619 1220 ιιι
650 1143 715 1220 suo
736 1145 919 1221 convictu
953 1143 1216 1244 condudtitios

107 1293 109 1314 r
161 1253 343 1344 habeant,
384 1253 529 1362 quique
562 1251 785 1334 vehiculum
812 1249 1050 1351 affectemus)
1099 1253 1209 1332 vide-

162 1383 227 1442 tur
263 1363 369 1472 enim
403 1362 479 1447 illis
522 1345 598 1442 hoc
634 1391 789 1472 quoque
824 1391 945 1442 unum
987 1361 1060 1442 effe
1108 1363 1209 1442 inter

163 1475 237 1552 alia
256 1489 493 1565 ornamenta,
539 1475 567 1554 fi
600 1473 749 1553 dicatur
782 1501 843 1552 cas
881 1473 952 1552 esse
982 1474 1146 1552 eruditas
1166 1477 1208 1554 dc

162 1583 424 1692 philosophas,
466 1585 505 1662 δι
534 1586 705 1662 carmina
735 1611 975 1704 componere
1004 1582 1206 1690 Sapphicis
1315 1623 1326 1650 ο
1429 1577 1430 1590 ’

162 1694 267 1774 haud
304 1695 431 1781 multo
466 1691 659 1786 inferiora,
700 1723 743 1772 ac
774 1696 974 1804 propterea
1002 1697 1118 1772 etiam
1148 1693 1209 1773 hae

162 1803 418 1884 conductitios
448 1803 652 1897 Rhetores,
693 1807 994 1896 Grammaticos,
1037 1807 1076 1884 δι
1109 1803 1210 1883 Phi-

79 1961 87 1972 .
160 1913 339 2022 losophos
360 1915 513 1994 ·secum
555 1912 866 1996 circumducunt.
951 1917 1039 1994 Hos
1076 1929 1208 1996 autem

162 2025 291 2102 audire
340 2026 504 2116 solent,
537 2025 596 2131 (id
649 2027 755 2132 quod
803 2025 929 2134 ipsum
967 2025 1021 2106 est
1059 2026 1206 2106 ridicu·

161 2131 265 2235 Ιιιιιι)
320 2161 442 2262 quum
481 2133 541 2222 vel
583 2153 805 2225 comuntur,
854 2137 914 2216 vel
951 2135 1110 2245 capillos
1144 2163 1207 2214 re-

161 2243 304 2380 ligant,
334 2245 424 2322 vel
414 2272 453 2323 ιιι
474 2245 669 2326 convivio:
716 2243 805 2326 alias
836 2245 940 2326 enim
975 2274 1052 2326 non
1083 2265 1206 2327 vacat.
1223 2336 1243 2354 ,Ἴ

139 2351 355 2438 ‘Caeterum
406 2357 501 2466 saepe
549 2357 666 2436 etiam
703 2357 860 2436 interim
893 2357 994 2438 dum
1031 2357 1208 2436 Philoso-

162 2466 263 2574 phus
300 2466 456 2560 disserit,
515 2467 770 2548 interveniens
816 2468 953 2546 ancilla
997 2469 1122 2548 literas
1156 2469 1205 2546 ab

164 2578 336 2658 adultero
356 2575 480 2660 missas
495 2580 676 2686 porrigit:
718 2607 762 2659 ac
764 2579 951 2687 praeclari
970 2578 1028 2658 illi
1056 2581 1103 2656 de
1130 2605 1208 2686 pu·

164 2688 300 2768 dicirit
344 2691 534 2769 sermones
583 2689 905 2781 intermittuntur,
967 2691 1207 2796 opperientes

163 2799 286 2880 donec
311 2801 378 2878 illa
403 2797 630 2908 rescripserit
653 2800 848 2890 adultero,
891 2801 931 2880 dc
955 2804 1002 2892 ad
1036 2799 1205 2878 auditio·
1277 2811 1281 2818 '

162 2937 254 2988 nem
274 2911 414 2990 redeat.
472 2910 757 3014 Qumautem
786 2910 904 3016 longo
927 2909 1010 3018 post
1030 2929 1207 3042 tempore
1263 2959 1268 2966 -
1308 2961 1316 2978 ,κ

68 3105 71 3116 ,
161 3019 438 3112 Saturnalibus,
477 3038 542 3099 aut
562 3019 822 3102 Panathenaeis
841 3019 1080 3112 instantibus,
1124 3023 1206 3102 mi·'

162 3129 249 3208 serit
287 3129 359 3208 tibi
396 3129 572 3210 miseram
611 3132 821 3268 paenulam,
881 3149 947 3216 aut
980 3123 1206 3265 subputrem

162 3239 351 3330 tunicam,
399 3259 484 3320 tum
517 3239 707 3350 praecipud
740 3243 905 3320 multam
943 3237 1227 3348 magnamque¹
1313 3291 1317 3304 -

162 3376 348 3456 pompam
374 3350 563 3436 celebrate
583 3361 749 3458 oportet.
804 3353 857 3430 Et
875 3353 1023 3460 primus
1043 3353 1205 3458 quidem
1251 3450 1253 3456 Ι

161 3459 283 3554 illico,
334 3461 550 3570 etiamnum
580 3465 825 3542 cunctantem
857 3463 1061 3544 dominum
1091 3462 1202 3541 audi·

161 3575 274 3664 ehs,
292 3597 521 3678 praecurrens
541 3591 628 3650 ante
648 3574 740 3649 alios
769 3575 939 3663 nunciat,
983 3574 1022 3651 δι
1042 3583 1202 3708 accepto

160 3703 240 3761 non
273 3683 415 3788 exiguo
445 3685 576 3761 nuncii
607 3683 779 3789 praemi0,
828 3681 1000 3764 discedit.
1078 3679 1203 3762 Mane

52 3815 56 3837 ’
160 3789 252 3870 vero
291 3791 476 3888 tredecim
515 3791 588 3870 tibi
624 3789 768 3901 aliquid
799 3789 976 3888 afferunt,
1033 3817 1204 3902 quotum
1243 3785 1245 3790 ’

128 3901 320 4014 ¹quisque
352 3919 648 4002 commemorat,
703 3922 746 3986 ut
790 3904 914 3990 multa
922 3903 1141 4092 dixerit,s
1152 3919 1203 4094 pt

797 4055 800 4064 2
1127 4039 1148 4092 u
