2914 4724
225 293 304 376 352
473 263 937 345 auct-Atta

223 409 372 508 peccat.
442 389 549 470 Nam
581 393 684 500 quast
717 393 950 501 quibusdam·
983 395 1150 482 vinculis·
1176 396 1268 476 illo-

222 535 310 586 rum
349 529 485 582 vocem
534 518 710 614 torquere
743 505 801 584 ⁵&
847 506 1056 614 discerpere
1088 527 1261 589 conatur.

221 619 305 698 Hic
337 617 441 692 enim
476 607 599 692 forsan
638 612 795 720 pulchri
819 614 964 721 aliquid
997 617 1158 696 intuitus
1192 657 1265 700 κα-

172 809 175 813 ,
220 721 283 810 λέν
313 727 395 803 vult
424 721 568 800 dicere:
625 723 707 801 haec
745 749 834 801 vero
876 728 945 805 wi
978 728 1125 827 irruens
1151 731 1266 808 ταλὸν

204 837 423 915 enunciare
441 833 560 938 cogit,
603 834 745 938 primas
775 834 877 912 sedes
903 837 942 910 in
964 839 1154 914 'omnibus
1179 861 1266 942 quae

206 945 407 1035 obtineat,
438 943 474 1019 se
492 943 649 1048 dignam
664 943 832 1021 censens.
885 945 1052 1024 Rursum
1068 947 1163 1025 alius
1175 949 1268 1059 megi

207 1066 429 1155 insinuem„
461 1053 525 1157 (de
546 1050 724 1157 palmite)
754 1053 926 1134 disserit-:¹
950 1053 1031 1134 haec
1046 1075 1174 1134 autem
1195 1056 1266 1144 wli

222 1157 386 1272 (quippe
419 1163 675 1244 aerumnosum
726 1163 813 1242 vere
862 1165 934 1267 est)
993 1171 1124 1269 κλὸἷμα
1166 1165 1265 1246 fecit

204 1282 365 1366 aretina.
423 1274 511 1352 Nec
541 1274 712 1382 plebeios
748 1270 1265 1390 tantiam‘hominesinjuria

206 1385 357 1464 afficit:
408 1383 468 1462 sed
501 1385 583 1490 jam
617 1379 1008 1494 *etiammagno'illi'
1037 1385 1152 1496 Regi,
1198 1385 1263 1466 cui

217 1497 258 1576 dc
278 1524 381 1576 mare
413 1499 452 1576 &
485 1515 624 1574 terram
655 1495 794 1576 ceffiffe
825 1499 973 1588 dicunt,
1002 1495 1166 1606 2'suisque
1192 1525 1262 1576 na-

128 1625 161 1657 *
206 1609 313 1687 turis
343 1605 543 1698 exceffiffe,
591 1605 659 1685 ista
693 1598 855 1714 inquam
888 1597 1022 1686 etiari‘t3
1040 1607 1141 1685 huic¹
1168 1610 1263 1689 infi-

217 1719 356 1811 diatur,
404 1720 457 1810 ἃ,
521 1719 644 1822 Cyrus
685 1713 779 1796 clun
825 1718 884 1809 fit,
913 1720 1092 1824 .Tyrum
1135 1719 1263 1798 nescio

217 1853 337 1938 quern
356 1829 498 1908 effecit.
556 1829 677 1908 Hunc
697 1829 827 1936 itaque
855 1830 896 1908 in
916 1829 1093 1920 modum,
1137 1855 1262 1938 quan-

131 2001 133 2009 a
216 1957 305 2018 tum
333 1940 379 2017 ad
406 1967 543 2020 vocem
561 1942 709 2030 attinet,
750 1939 926 2020 homines
953 1937 1084 2042 ladit:
1128 1941 1190 2018 sed
1221 1966 1263 2018 re

216 2049 440 2158 quomodo?
489 2051 639 2158 plorant
659 2052 850 2141 mortales,
895 2076 938 2128 ac
967 2045 1040 2128 suae
1058 2051 1167 2138 sortis
1200 2051 1261 2129 vi-

215 2185 279 2268 ces
305 2159 461 2251 deflent,
503 2163 759 2262 &Cadmum
779 2159 873 2268 saepe
902 2159 993 2238 diris
1020 2162 1261 2271 prosequun-

209 2290 279 2367 tur
295 2276 508 2379 propterea
537 2272 643 2380 qudd
661 2278 734 2354 ταῦ
766 2273 807 2350 in
826 2297 944 2379 genus
978 2271 1260 2352 elementorum

147 2448 157 2472 ,
215 2385 429 2462 adduxerit.
500 2385 624 2463 Aiunt
658 2383 763 2462 enim
796 2399 975 2490 tyrannos
1023 2383 1104 2490 ejus
1141 2385 1261 2466 literae

215 2521 353 2602 corpus
387 2495 547 2587 secutos,
587 2513 704 2602 atque
736 2493 899 2600 figuram
926 2487 1110 2586 imitatoS,
1153 2493 1261 2602 post·
1353 2587 1354 2591 Ἴ
1436 2463 1437 2526 ss

215 2633 260 2684 ea
279 2606 394 2686 simili
429 2599 550 2713 figurd
568 2607 673 2714 ligna
701 2603 910 2696 fabricasse,
958 2607 1098 2712 quibus
1126 2604 1261 2683 horni-

173 2753 175 2758 ’
215 2744 282 2794 nes
321 2717 536 2824 affigerent:
595 2721 634 2795 dt
666 2715 753 2793 inde
788 2714 881 2794 huic
918 2713 1101 2794 sceleratae
1137 2715 1260 2795 fabri-

214 2855 270 2933 ca
289 2828 507 2934 improbam
521 2827 816 2934 appellationem
833 2824 1036 2905 obvenille.
1094 2827 1160 2903 Ob
1175 2821 1292 2904 haec''

215 2936 334 3044 igitur
359 2939 491 3017 omnia
521 2955 617 3044 quot
636 2937 770 3014 mortis
787 2936 989 3043 generibus
1007 2937 1164 3042 dignam
1186 2935 1261 3014 ell‘e

156 3066 159 3075 ⁴
213 3049 284 3126 aad
316 3046 427 3124 istam
464 3049 657 3124 censetis?
693 3049 875 3153 equidem
908 3047 1084 3127 existimo
1117 3043 1257 3124 merito

214 3152 289 3232 hoc
310 3154 433 3234 solum
463 3161 509 3235 ad
528 3159 758 3265 supplicium
778 3158 892 3263 ipsius
919 3161 987 3240 aad]
1007 3157 1184 3264 relinqui,
1215 3174 1260 3236 ut

213 3291 370 3371 poenam
389 3269 427 3344 in
445 3268 508 3346 sud
532 3269 598 3347 illa
622 3265 744 3373 figuris
762 3267 950 3360 sustineat,
991 3295 1076 3378 qua
1102 3263 1186 3344 sane
1214 3286 1258 3346 ut

214 3401 309 3452 crux
339 3375 426 3453 esset
445 3379 549 3457 istius
575 3375 689 3486 operd
716 3375 898 3458 effedlum
932 3381 1005 3464 est:
1044 3380 1092 3458 -δε
1126 3379 1176 3456 fic
1209 3375 1259 3464 ab

213 3483 438 3572 hominibus
451 3489 675 3598 appellatur.
1204 3533 1206 3540 ·

1016 3979 1266 4106 muron
