2894 4720
21 143 54 243 i·
148 245 265 334 450s
469 165 915 315 unciani

21 267 23 364 i

151 357 334 468 ingressus
364 358 406 440 iu
425 359 668 452 concionem,
702 353 944 465 tyrannidem
982 352 1023 434 in
1057 352 1201 438 divites
1274 407 1278 420 ι

152 470 331 574 obtineat
366 469 424 552 illi
462 467 551 552 verb
589 465 797 578 trepidant,
845 465 1109 575 pavitantque,
1154 495 1205 548 ac

152 571 422 687 largitionibua
437 595 474 661 te
493 581 676 688 placant:
697 580 842 658 etenim
862 591 905 656 ut
924 576 1075 674 balnea,
1099 577 1199 670 ludi,
1338 583 1340 593 '

154 689 380 808 spectacula,
401 691 551 800 aliaque
569 691 702 770 omnia
715 689 788 772 tibi
807 685 960 766 abunde
980 687 1202 794 suppetant,

153 800 214 910 illi
233 797 389 908 operam
408 801 513 882 dant.
541 803 599 890 At
618 819 660 882 tu
672 796 818 890 censor,
836 798 876 874 dc
891 797 1054 876 acerbus
1060 798 1201 904 judex,

153 910 314 1018 perinde
357 913 461 1020 quali
512 911 693 1000 domiuus¹
741 935 789 990 ne
822 907 996 1015 alloquio
1039 909 1201 1016 quidem

153 1023 350 1102 interdum
401 1021 569 1128 dignaris
612 1019 727 1112 illos;
771 1021 810 1098 oc
841 1017 869 1097 sa
906 1018 979 1096 tibi
1012 1018 1198 1112 videatur,

153 1129 377 1238 ingentibus
416 1131 513 1212 saxis
542 1131 583 1212 in
603 1127 689 1212 illos
723 1126 1083 1238 degrandinas,fau‘t
1100 1129 1198 1236 ipso·

153 1267 244 1321 rum
279 1241 379 1322 bona
405 1238 626 1352 proscribis.
676 1241 762 1350 Ipse
791 1231 918 1348 neque
935 1240 1199 1320 calumniato-

55 1451 56 1454 Ν
154 1378 239 1430 rem
261 1353 419 1446 metuis,
451 1353 802 1462 nequelatronem3
836 1378 884 1430 ne
904 1348 1014 1430 tollat
1042 1377 1214 1444 aurum,

156 1460 217 1540 vel
239 1463 381 1544 adium
401 1463 604 1567 conscenso
638 1463 805 1570 fastigio,
837 1459 898 1540 vel
921 1451 1077 1568 'pariete
1110 1488 1202 1570 per·

156 1571 278 1656 solio:
309 1576 348 1654 du
379 1573 479 1656 nihil
508 1572 626 1656 habes
654 1573 801 1681 negotii
821 1571 881 1651 vel
908 1573 948 1649 in
987 1571 1202 1679 supputata·
1252 1565 1264 1586 “

157 1683 231 1777 dia,
261 1685 321 1765 vel
349 1684 565 1794 repetendis
604 1685 792 1794 pecuniis,
829 1681 889 1762 vel
917 1709 1010 1762 cum
1039 1682 1202 1764 scelera-

158 1797 208 1874 tis
237 1795 558 1905 dispensatoribus
590 1793 862 1886 conflictando,
893 1792 952 1872 vel
987 1790 1205 1878 istiusmodi
1242 1817 1272 1900 'x

158 1932 338 1987 curarum
376 1907 656 2015 participando.
713 1899 862 1985 Variam
892 1902 1123 2010 simulatque
1151 1933 1203 1986 u·

156 2042 251 2094 nam
281 2019 477 2123 crepidam
514 2015 731 2122 perfeceris,
761 2013 1061 2121 mercedemque
1093 2029 1233 2106 retu-¹

156 2125 246 2214 ieris
285 2125 431 2234 septem
456 2126 605 2217 obolos,
634 2123 714 2206 ‘sera
749 2121 902 2230 vesperi
928 2124 1063 2232 surgis,
1092 2119 1207 2220 &,sa
1269 2138 1296 2180 ‘-

158 2234 329 2338 libuerit,
363 2236 522 2317 lavaris:
554 2255 639 2317 tum
662 2251 797 2345 empto
827 2233 983 2342 saperda
1000 2237 1203 2343 quopiam,

159 2365 225 2428 aut
245 2349 495 2450 moenidibus,
525 2367 591 2427 aut
628 2349 760 2478 paucis
779 2361 978 2454 'ceparum
1007 2348 1231 2456 capitulis,·
1269 2447 1272 2454 .

159 2473 283 2540 temet
316 2460 394 2568 ipse
421 2459 604 2557 oblectas,
643 2483 782 2539 canens
821 2455 1203 2564 plerumque„opti-

159 2571 305 2679 mique
342 2595 434 2650 cum
456 2570 683 2677 Paupertate
708 2565 1008 2677 philosophans3
1043 2566 1139 2658 adeb
1159 2568 1204 2652 ut

160 2709 223 2762 eas
261 2682 312 2760 ob
348 2681 421 2760 res'
445 2680 585 2760 salubri
622 2681 681 2760 fia
705 2677 926 2786 valentique
958 2680 1132 2784 corpore,
1161 2684 1227 2788 &e

161 2809 295 2874 contra
315 2789 436 2897 frigus
454 2791 694 2872 obdurueris.
751 2787 862 2869 Nam
886 2787 1050 2880 labores,
1080 2791 1149 2896 qui
1166 2811 1206 2870 te
1236 2845 1260 2894 5

162 2917 370 2992 exacuunt,
423 2917 651 2980 certatorem
685 2897 995 3006 ¹haudquaquam
1021 2917 1206 2981 contem-

160 3013 334 3094 nendum
368 3010 533 3092 reddunt
566 3012 765 3090 adversum
783 3035 843 3088 eas
863 3036 935 3100 res,
966 3035 1051 3118 quae
1088 3037 1203 3092 com-

161 3121 337 3228 pluribus
360 3122 677 3230 inexpugnabiles
707 3120 779 3202 effe
816 3119 1009 3200 videntur.
1068 3113 1229 3230 Atque

33 3329 36 3335 Ι
160 3229 254 3310 binc
284 3230 329 3309 fit
359 3245 403 3309 ut
437 3234 565 3311 nullus
587 3259 636 3312 ex
673 3225 912 3340 gravioribua'
947 3230 1023 3310 illis
1054 3235 1204 3313 morbis

161 3325 314 3421 infidias
334 3341 407 3420 tibi
441 3343 624 3423 moliatur
644 3379 657 3438 ς
685 3343 790 3451 quod
816 3340 1000 3448 siquando
1019 3340 1113 3420 levis
1135 3343 1226 3422 ce?
1274 3417 1280 3427 .

162 3454 262 3559 perit
293 3449 494 3542 febricula,
530 3453 578 3530 ad
613 3457 799 3563 exiguum
838 3469 992 3558 tempus
1028 3450 1087 3530 illi
1126 3453 1206 3537 ob-

163 3562 327 3654 secutus,
343 3563 382 3641 &
401 3561 529 3640 inedia
547 3569 759 3656 excutiens,
780 3564 955 3670 protinus
975 3560 1113 3642 exilis:
1136 3564 1208 3645 illa

162 3671 254 3751 verb
285 3671 386 3862 supit
422 3667 542 3760 illico,
584 3675 729 3783 quippe
766 3689 942 3752 metuens
979 3691 1036 3792 te,
1079 3701 1205 3780 quem

106 3793 125 3828 ’·
164 3781 291 3862 videat
347 3759 470 3892 rigida
488 3783 606 3890 aqud
636 3787 771 3872 temet,
801 3781 1125 3890 ingurgitantem,
1165 3789 1207 3868 uc

164 3885 406 3976 medicorum
430 3893 657 4002 ambagibus
677 3895 842 4002 longum
871 3894 1017 4008 plorare
1041 3894 1205 4019 ‘denuo-3

1016 4025 1204 4092 orantem.
