2914 4724
212 277 294 364 286
519 273 917 366 Luctum

210 441 365 526 operam
382 415 522 506 locare,
565 411 685 542 quim
718 415 910 500 desunslia
929 419 1111 520 omnihus
1130 420 1263 530 impe«

212 557 307 610 rare.
364 529 463 608 Haec
493 547 595 606 certe
627 529 819 634 ignavum
846 528 1013 633 aliquem
1047 529 1262 639 Phrygem,⁴

211 636 499 729 meticulosum,
542 638 582 718 63
609 632 858 746 3113333133
876 635 1081 744 honestum
1100 643 1145 722 sit
1173 645 1261 722 vitae

211 749 401 855 cupidum
435 749 701 858 'pronunciare
742 747 915 832 forsitan:
941 751 1139 834 decuisset:
1197 753 1265 836 sed·

212 861 319 944 Pelei
348 859 488 966 lilium,
511 860 572 940 .&
603 858 783 940 omnium
803 857 982 942 Heroum
1001 863 1263 971 periculorum
1286 919 1289 931 -

212 970 529 1060 amantissimum,
560 987 640 1048 tam
661 967 826 1050 humilia
850 969 898 1048 de
918 969 955 1050 se
973 974 1156 1078 cogitare,
1185 1000 1262 1082 pu-
1376 985 1379 990 ·
1437 1027 1438 1034 t

168 1103 176 1124 ⁴
214 1083 388 1162 dendum
415 1077 539 1172 valde,
565 1079 618 1180 4&
645 1083 756 1160 rebus
789 1079 831 1158 in
862 1079 940 1162 vita
973 1079 1150 1190 preclari:
1183 1081 1266 1164 a'te

213 1191 327 1300 gestis
360 1187 473 1300 plane
504 1191 758 1281 contrarium:
807 1191 901 1298 qui,
932 1218 1023 1275 eum
1058 1191 1190 1276 liceret
1219 1193 1264 1278 in

215 1301 440 1384 Phthiotide
459 1296 624 1409 inglorie
649 1301 769 1408 longo
796 1317 970 1410 tempore
994 1330 1164 1410 regnare,
1197 1302 1265 1380 lu·.
1290 1313 1296 1321 ’

215 1413 311 1492 13333
343 1412 544 1518 gloriosam
582 1431 748 1492 mortem
778 1413 989 1518 pretulisti.
1047 1416 1162 1496 Aen.
1206 1413 1263 1498 Aa

215 1544 310 1602 tunc
340 1523 513 1630 quidem,
560 1521 585 1602 ὂ
616 1521 788 1602 Nestoris
823 1523 896 1614 1111,
940 1525 952 1601 1
984 1551 1094 1606 natus
1128 1551 1274 1618 eorum,

216 1661 303 1742 quae
318 1633 383 1712 hle
412 1633 511 1725 sunt,
550 1633 590 1712 &
610 1653 740 1714 utrurn
756 1659 892 1714 eorum
912 1551 1000 1716 eliget
1028 1633 1264 1742 praestantius

215 1743 401 1840 nesciens,
442 1743 641 1824 infelicem
669 1744 777 1826 illam
811 1743 1015 1851 gloriolam
1046 1745 1264 1824 vitaeante‘«

155 1853 157 1860 ’
216 1855 436 1962 ponebam:
479 1874 518 1933 at
546 1881 648 1934 nunc
677 1855 834 1936 tandem
867 1857 1043 1964 intelligo
1062 1851 1182 1962 quim
1218 1866 1281 1938 ea'

216 1965 264 2046 srt
303 1964 465 2057 inutilis,
508 1965 597 2044 licet
629 1964 696 2066 qui
728 1963 853 2071 superi
880 1965 967 2046 sunt
991 1966 1263 2074 maximopere

217 2074 505 2158 celebraverint.
562 2074 680 2182 Apud
712 2095 885 2156 mortuos
912 2078 1019 2157 enim
1036 2077 1192 2185 aequalin
1211 2075 1266 2160 est

218 2187 397 2266 omnium
434 2187 567 2268 honos.
625 2184 724 2266 Nec*
744 2185 812 2264 1113
842 2184 1106 2292 pulchritudo,
1143 2189 1265 2280 Anti-·

218 2295 347 2389 loche,
394 2325 465 2378 nec
500 2299 615 2380 robur
651 2295 772 2376 adest:
821 2294 885 2378 sed
916 2299 1092 2403 jacemus
1128 2321 1269 2380 omnen

218 2395 289 2488 suh
308 2407 443 2488 eidem
476 2410 640 2518 caligine
659 2408 814 2499 1331133,
854 2407 979 2488 &alii
998 2409 1046 2488 ab
1063 2409 1146 2490 31113
1165 2405 1266 2492 nihil
1307 2469 1311 2476 ,

219 2517 493 2628 discrepantes:
541 2549 614 2602 nee
652 2545 716 2600 me
747 2519 1006 2626 Trojanorum
1027 2544 1158 2598 manee
1196 2546 1278 2628 ve-¹

219 2649 363 2723 rentur,
404 2658 476 2712 nec
501 2633 727 2714 Graecorum
757 2648 1001 2720 venerantur:
1043 2630 1106 2710 sed
1124 2629 1265 2736 exqui-
1329 2644 1332 2662 '

153 2760 174 2804 ·,
219 2743 288 2822 fita
305 2742 359 2820 est
385 2743 482 2847 juris
515 2742 763 2850 aequabilitas,
804 2737 1010 2848 similisque
1039 2738 1270 2822 alteralteri

215 2851 438 2943 3313131133,
486 2854 559 2932 five
590 2853 764 2958 ignavus,
813 2852 886 2929 srve
923 2851 1095 2930 strenuus
1130 2850 1264 2930 fuerit.

220 2961 320 3039 Haec
339 2989 402 3040 me
429 2981 626 3069 torquent,
671 2962 711 3042 &
744 2960 857 3039 doleo
886 2961 991 3069 quhd
1024 2987 1103 3046 uon
1138 2962 1266 3068 potius

219 3073 306 3148 vivo
325 3073 364 3150 dc
382 3097 537 3179 operam
553 3073 653 3150 loco.
713 3071 848 3150 Anu..
863 3075 918 3150 At
935 3069 1041 3160 verb,
1072 3070 1266 3162 Achilles,

220 3179 315 3288 quid
346 3203 432 3286 agat
464 3179 677 3292 quispiam?
721 3182 798 3292 poc
828 3183 934 3277 enim
965 3180 1107 3259 nat'urae
1141 3179 1268 3260 visum

220 3291 306 3380 est,⁸
326 3311 368 3370 nt
386 3319 519 3372 omnes
547 3293 709 3371 omnino
744 3293 970 3374 moriantur.
1027 3290 1164 3396 Itaque
1197 3315 1268 3396 par

220 3401 274 3508 est
294 3417 330 3478 te
362 3402 440 3508 legi
458 3405 708 3512 acquiescere,
750 3425 822 3482 nec
847 3401 993 3484 statutis
1026 3399 1265 3484 discruciari:

163 3539 184 3578 .’
220 3529 400 3620 praeterea
419 3515 543 3594 viden'
563 3530 655 3615 quot
681 3511 830 3596 esociis
849 3514 1005 3614 cirente
1023 3537 1091 3590 333
1112 3509 1266 3594 sumus?

221 3623 317 3730 quin
349 3622 388 3700 a:
409 3623 626 3731 paulopost
649 3623 767 3706 etiam
796 3619 944 3726 Ulysses
963 3621 1138 3708 adveniet
1157 3645 1267 3730 pror·

221 3736 300 3812 sus:
343 3731 452 3812 affert
470 3755 598 3814 autem
618 3732 794 3822 solatium
825 3732 979 3822 societas
1000 3733 1066 3824 rei,
1106 3733 1146 3812 83
1161 3729 1268 3838 quod

219 3870 301 3922 non·
319 3843 417 3923 solus
437 3843 515 3952 ipse
546 3844 711 3950 patiaris.
768 3842 888 3930 Vides
912 3843 1142 3936 Herculem,
1172 3841 1267 3920 Me-

208 3953 407 4061 leagrum,
454 3949 622 4060 aliosque
654 3950 897 4032 admirabiles
937 3955 1063 4044 viros„
1095 3950 1268 4139 qrpinmi

617 4111 621 4116 ·
1133 4086 1171 4166 Ι3
1203 4064 1288 4163 33)·

1428 2899 1432 3034 1

1337 2854 1340 2864 ,
1432 2819 1433 2861 1

1431 2879 1432 2892 1
