2894 4720
319 306 391 394 Du
423 307 737 393 Mnucnnn
769 252 1169 427 eounucnu
1217 249 1302 419 383

191 441 195 450 ’
254 473 330 538 eas,
361 427 452 553 quas
472 449 511 524 in
535 445 715 527 d'omibus
740 443 918 533 tulerant,
942 447 986 522 δε
1005 446 1149 534 tertios,
1179 445 1343 551 quin·

255 579 328 649 tos,
375 555 791 690 decimusqueflunus,
824 554 950 634 fisus
982 555 1034 632 est
1053 555 1192 645 dlcere,
1234 583 1296 632 re·

140 755 143 764 3
254 659 411 757 ferrent,
461 673 580 775 utque
599 663 772 798 primbm
801 665 968 743 alittore
987 665 1178 754 solverint,
1204 660 1297 744 cbrn

204 761 206 786 ¹
254 788 360 856 niare
404 776 441 854 se
497 772 781 884 aliquantulbm
836 777 1009 854 serenum
1061 772 1296 871 ostendebat,

254 885 447 1075 pub-“1¹¹0
463 885 653 969 molestias
691 905 782 964 toto
827 886 1078 992 navigationis
1124 903 1298 990 tempore

272 992 510 1090 nstinuerint,
539 997 635 1078 dum
656 997 715 1074 vel
746 994 1303 1087 s1tiebant,=velnauseubann⁴
1329 1037 1331 1040 ·

123 1133 128 1142 “
169 1179 178 1194 ,
255 1107 316 1186 vel
352 1109 448 1187 dum
490 1109 608 1187 antlia
647 1132 782 1190 eorum
829 1105 1029 1210 salsugine
1057 1103 1295 1184 exundabat:

164 1208 167 1219 ¹
218 1280 220 1284 .
252 1219 418 1326 denique
451 1238 492 1299 ut
527 1215 675 1294 infelici
708 1216 863 1322 navigio
893 1217 933 1293 in
967 1237 1121 1298 cautem
1156 1242 1297 1324 quam·

253 1331 356 1434 pianr
396 1325 464 1406 sub
505 1328 616 1404 undis
646 1323 844 1417 latentem,
892 1327 1025 1404 autin
1060 1339 1324 1434 praeruptum'

231 1436 454 1543 ,scopulum
489 1435 645 1522 effrasso
666 1437 792 1516 miseri
809 1433 907 1544 aegrb
941 1435 1143 1527 enatarint,
1187 1437 1297 1528 nudi,

251 1542 557 1656 cunsiarsrmque
587 1574 714 1626 rerum
741 1546 1030 1626 necessarium
1018 1549 1170 1652 rnbpes:
1214 1545 1322 1630 haee·

252 1657 400 1768 inquam
430 1661 574 1738 interea
604 1660 699 1736 dum
736 1658 930 1749 referrent,
980 1657 1045 1736 vis1
1077 1661 1162 1738 sunt
1199 1658 1324 1736 m1h1³

139 1829 142 1838 r
251 1771 374 1848 multa
409 1797 484 1876 prae
523 1769 667 1876 pudore
699 1769 899 1858 subticere,
955 1769 994 1846 ὅσ
1041 1769 1211 1848 volentes
1252 1781 1295 1846 ac

170 1883 174 1890 ’
208 1878 409 1986 Ι(ἷοίεηῑεε
439 1879 627 1958 oblivisci.
685 1882 740 1958 At
769 1905 843 1986 ego
871 1897 958 1958 turn
983 1877 1062 1970 illa,
1107 1898 1195 1958 tum
1224 1878 1298 1958 alia

251 1993 437 2069 nonnulla
465 2017 511 2068 ex
536 1991 693 2080 illorum
725 1988 1004 2070 narrationibus
1035 1991 1195 2068 colleua
1226 1989 1297 2068 de

251 2100 462 2239 prehende
488 2100 700 2178 istiusmodi
732 2100 990 2186 conviuibus
1023 2100 1150 2193 inesse,
1209 2127 1296 2208 quae

249 2215 393 2306 omnia,
441 2210 466 2289 ὃ
497 2211 693 2318 praeclare
711 2210 933 2302 Timoeles,
970 2211 1047 2294 tibi
1076 2213 1296 2320 percensere

249 2349 326 2400 non
355 2323 553 2430 gravabor.
624 2318 892 2429 Jampridem
895 2322 1028 2401 enim
1021 2321 1131 2402 mibi
1165 2323 1302 2402 videor

249 2429 576 2522 animadvertisse,
613 2447 651 2508 te
689 2431 737 2508 de
759 2428 977 2566 capcffindci
1012 2431 1085 2511 hac
1116 2429 1220 2512 vitae
1231 2460 1295 2512 ra·
1303 2461 1306 2468 ’

248 2535 354 2620 tione
373 2543 561 2648 cogitare:
609 2549 653 2618 a'c
686 2537 861 2647 primbm
893 2542 1066 2648 quidem,
1109 2539 1201 2642 cbrn
1220 2522 1295 2623 hec

248 2648 352 2729 dere
368 2648 714 2742 sermoincidisset3
761 2667 847 2730 tum
880 2651 1119 2756 presentium
1153 2653 1292 2760 aliquis
1337 2668 1342 2680 '

166 2777 173 2792 ·
248 2763 528 2840 mercenarium
576 2760 789 2844 istiusmodi
837 2760 924 2840 vitae
973 2789 1092 2870 genus
1139 2763 1294 2846 laudare

246 2875 380 2980 erepit,
435 2871 798 2978 fortunatiffimos
781 2898 851 2950 ens
879 2869 1086 2976 affirmans,
1135 2876 1292 2982 quibus,
1408 2887 1409 2890 ’

247 3002 500 3091 praeterquam
522 2981 627 3090 qubd
662 2984 806 3060 amicos
832 2971 1003 3065 habeant
1020 2985 1293 3082 Romanorum

245 3096 466 3197 optimates,
515 3096 554 3172 u
594 3092 829 3201 sumptuosas
862 3120 1019 3188 coenas,
1061 3096 1179 3206 idque
1215 3095 1293 3205 fine

149 3269 153 3278 Α
246 3204 443 3306 symbolis,
480 3223 647 3294 creuerit,
692 3205 775 3282 uc
764 3230 804 3281 m
825 3204 1031 3314 conspicuo
1049 3207 1122 3288 loco
1141 3208 1292 3288 versen

181 3393 183 3397 ,
246 3333 320 3403 rur,
365 3317 404 3394 bu
430 3315 638 3422 omnigeni
657 3340 749 3394 cum
770 3334 1000 3395 recreatrone
1018 3347 1062 3398 ac
1096 3321 1293 3428 voluptate
1360 3358 1364 3366 ’

213 3425 283 3526 Ιὶη
307 3426 392 3501 alba
413 3425 542 3517 rheda,
584 3427 683 3505 srita
711 3424 918 3518 ceciderit,
936 3428 1101 3542 resupini
1121 3433 1291 3558 peregri·
1397 3445 1400 3453 “

246 3543 397 3625 nentur,
439 3563 516 3614 non
537 3563 642 3643 parvi
631 3513 710 3614 est
729 3535 984 3624 emolumenti
995 3521 1155 3648 insuper
1173 3544 1293 3620 etiam

245 3648 464 3724 mercedem
511 3648 689 3739 amicitiae
727 3645 767 3722 bc
806 3647 1095 3730 benefauorum
1131 3650 1293 3730 istorum
1318 3675 1333 3719 .·

244 3756 440 3859 accipere:
486 3764 618 3836 omnia
644 3759 748 3836 enit-n
769 3755 847 3834 istis
864 3757 966 3838 baud
986 3761 1105 3840 dubie
1125 3788 1195 3839 nec
1216 3761 1293 3842 sata

244 3889 314 3943 nee
331 3867 434 3942 culta
446 3893 655 3973 provenire
696 3863 834 3946 Haec
823 3890 955 3976 igitur,
985 3873 1153 3978 atqueid
1169 3885 1291 3979 genus

162 4039 172 4060 ,
233 3971 384 4072 vulia
347 4004 439 4056 curn
468 3981 616 4116 audires
655 3978 911 4062 animadverti
946 3983 1079 4064 uthis
1111 3983 1292 4074 inhiaree‘,
1330 4013 1336 4028 ·
