2894 4720
196 378 300 464 μι
396 339 403 356 '
517 335 930 432 LUCIANI

105 476 107 495 '
198 490 325 582 detur,
355 510 503 580 aureus,
528 463 722 568 formosus
742 483 968 577 admodum,
997 483 1037 564 dc
1053 483 1247 574 amabilis.

197 595 318 680 Ροιιὸ
343 614 505 691 amator,
534 598 657 677 ubi
622 625 687 678 vrx
703 597 860 676 tandem
878 591 1248 704 conscendit,'Jau1·

198 737 276 820 que
299 707 348 790 ad
366 705 467 786 sores
486 707 649 800 accellit,
679 701 945 814 obstupescat,
975 701 1127 786 oculis
1115 735 1157 786 ιιι
1174 735 1247 789 au·

196 801 460 900 rumdefixis.
517 817 726 898 Deinde&
756 817 863 924 Spes,
892 843 977 926 quae
1004 819 1043 898 dc
1061 817 1141 926 ipsa
1159 819 1247 928 spe-

62 991 64 1002 .
196 929 298 1012 cioso
323 927 434 1008 vultu
462 925 530 1020 est,
559 929 598 1006 δι
624 927 911 1008 verficoloribus
931 928 1086 1020 amista,
1132 957 1249 1010 manu

194 1037 428 1148 prehensum
460 1030 708 1131 introducat,
735 1033 834 1116 mire
860 1037 945 1144 jam
969 1037 1051 1145 ipso
1078 1038 1245 1144 ingressu

194 1149 420 1230 attonitum.
487 1147 641 1230 Exinde
678 1149 771 1256 Spes
801 1146 861 1228 illi
897 1147 1046 1255 semper
1082 1169 1245 1256 praeeat·

171 1277 283 1352 stum
314 1259 396 1340 aliae
426 1259 620 1352 mulieres,
660 1257 827 1339 Fallacia
858 1257 898 1337 dc
924 1259 1105 1350 Servitus,
1151 1285 1246 1340 cum

193 1386 404 1479 exceptum
433 1369 579 1450 Labori
608 1369 777 1450 tradant:
826 1367 909 1447 Hic
936 1367 1026 1466 vern
1058 1367 1243 1449 miserum
1286 1450 1290 1458 ,

193 1481 308 1562 illum
343 1481 411 1560 diu
441 1481 695 1561 exercitatum
724 1477 883 1558 tandem
917 1478 1084 1560 Seneslae
1120 1480 1245 1560 tradat

188 1599 275 1698 jam
300 1591 540 1682 morbidum,
577 1589 759 1670 &colore
777 1605 1034 1672 commutato.
1090 1589 1245 1670 Postre-

194 1729 262 1784 ma
295 1697 384 1787 verb
420 1700 669 1782 Contumelia
706 1708 906 1810 arreptum
938 1699 1053 1780 illum
1090 1701 1136 1778 ad
1157 1702 1244 1780 De-

194 1813 449 1921 sperationem
468 1813 507 1890 &
524 1807 729 1919 pertrahat,
768 1813 809 1890 δι
828 1835 876 1890 ex
891 1835 937 1888 eo
956 1826 1130 1944 tempore
1150 1813 1243 1920 Spes

193 1923 348 2002 avolans
373 1921 595 2003 ·:evanescat
650 1942 734 2004 turn
766 1921 833 2000 ille
865 1945 944 2000 non
975 1915 1143 2030 ampliirs
1173 1949 1246 2030 per

155 2038 157 2044 ’
192 2031 295 2112 sores
319 2025 462 2123 aureas,
507 2057 575 2139 per
594 2055 687 2140 quas
707 2030 832 2111 fuerat
854 2029 1051 2138 ingressus,
1092 2031 1154 2111 sed
1172 2059 1245 2154 per

192 2142 383 2250 posticum
412 2141 670 2221 &occultum
699 2142 850 2220 exitum
878 2140 1105 2249 expellatur,
1162 2169 1241 2224 nu-

192 2253 278 2348 dus,
308 2252 553 2345 ventricosus,
598 2252 778 2362 pallidus,
820 2252 953 2332 senex.
1000 2253 1094 2334 larva
1111 2255 1241 2362 pudo-

191 2371 275 2444 rem
321 2363 534 2457 occultans,
600 2363 747 2444 dextra
776 2361 941 2471 seipsum
988 2361 1239 2470 strangulans.

81 2549 87 2566 ,
193 2475 383 2556 Occurrat
409 2492 551 2558 autern
582 2475 739 2554 exeunti
777 2471 984 2552 Poeniludo
1015 2471 1151 2554 frustra
1180 2475 1242 2554 la-·
1304 2479 1311 2495 “
1439 2457 1440 2482 ³

191 2584 412 2695 chrymans,
453 2582 696 2666 &mlserum
713 2583 912 2692 insuper
884 2583 1103 2663 conficiens
1161 2589 1239 2664 Ar-

192 2725 268 2803 que
287 2697 352 2777 hic
372 2695 450 2776 ello
476 2698 633 2824 pistura
665 2695 767 2774 finis.
826 2695 922 2772 Tu
906 2695 1043 2801 igitur,
1090 2697 1242 2802 optime

190 2806 427 2899 Timocles,
446 2806 540 2915 ipsc
554 2793 757 2914 diligenter
789 2805 1031 2892 confideretis
1064 2805 1240 2913 fingulis,
1331 2823 1335 2836 '

63 2923 66 2930 '
130 2972 135 2980 -
190 2919 365 3026 expende
396 2943 493 2995 num
526 2943 547 2992 e
581 2943 619 2992 re
654 2915 720 2996 tua
754 2915 799 2996 fit
829 2935 873 2994 ut
906 2916 946 2992 in
967 2913 1106 2994 hanc
1095 2919 1240 3022 imagi·-

42 3021 45 3030 ’
104 3126 107 3131 ¹
190 3037 282 3105 nem
309 3053 376 3134 per
408 3051 536 3104 aureas
567 3025 660 3104 illas
679 3026 779 3110 fures
806 3020 1003 3134 ingressus,
1051 3052 1119 3134 per
1152 3029 1243 3106 illas

137 3215 139 3236 ‚
189 3133 310 3242 longe
336 3110 531 3242 diffiniiles
563 3156 645 3216 tam
679 3139 857 3264 turpiter
869 3135 1056 3214 excidas.
1108 3137 1240 3242 Quie-

153 3289 156 3298 ·
190 3249 284 3356 quid
304 3261 435 3326 autem
469 3245 616 3339 feceris,
655 3245 879 3328 memineris
910 3245 1086 3352 sapientis
1116 3247 1237 3340 illius,

193 3360 288 3464 qui
283 3357 411 3448 dixit,
442 3357 619 3436 Deum
608 3385 648 3436 ιιι
679 3357 797 3464 culpa
823 3380 901 3434 non
934 3355 1025 3450 esse,
1067 3355 1130 3434 sed
1150 3357 1239 3436 cul

188 3495 306 3590 pam.
300 3467 414 3548 elle
383 3493 478 3580 epus,
508 3497 576 3581 qur
565 3468 786 3571 deledlum
803 3462 950 3588 fecerit.
1026 3573 1028 3580 y
