2914 4724
9 265 11 368 l
319 279 350 352 ,'
459 278 495 358 L
522 277 563 354 U
591 278 626 356 C
653 277 674 356 1
699 276 742 354 A
768 274 860 355 NI

9 381 11 474 l
138 439 243 494 cem.
292 410 407 490 Alios
442 411 624 518 pecunias
665 429 930 502 contemnere,
974 407 1200 520 earr'rrnqun

9 569 10 610 3
137 520 402 632 posscflionem
431 519 719 600 indifferentem
748 541 884 628 putare
905 521 1093 628 jubebat:
1139 550 1185 599 a·

9 709 10 726 ζ
141 635 216 714 lius
236 629 372 712 contri
390 633 509 712 bonas
535 631 608 710 else
641 632 738 738 ipsas
769 633 887 712 etiam
907 633 1059 712 divitias
1092 659 1196 740 pro-.

140 744 364 840 nunciabat.
419 743 481 822 De
509 741 658 822 mundo
690 738 780 820 verb
811 743 907 850 quid
939 761 1092 850 oportet
1122 745 1186 824 di-

140 852 248 934 cere?
279 852 475 960 quiideas,
504 853 742 962 incorporeas
755 853 989 941 substantias,
1018 872 1187 944 atomos,

140 965 182 1044 bt
206 964 332 1054 inane,
372 991 416 1041 ac
446 962 564 1042 talem
598 965 792 1070 quandam
830 963 1089 1069 pugnantium
1122 967 1188 1042 in·

140 1075 268 1156 vicem
312 1075 520 1153 nominum
555 1077 712 1164 turbam
744 1074 785 1152 io
817 1074 922 1152 diem
955 1075 1185 1155 audiebam:

61 1269 64 1276 ,
141 1185 504 1292 &quodomnium
529 1184 679 1278 eorum,
721 1211 808 1291 quae
838 1181 936 1262 mihi
966 1201 1073 1262 erant
1096 1212 1187 1291 gra-

141 1296 216 1384 via,
252 1294 559 1381 absurdissimum
578 1293 668 1385 fuit,
711 1295 760 1374 de
790 1291 963 1374 maxime
987 1295 1187 1374 contrariis

48 1475 49 1478 r
141 1402 233 1486 cum
267 1405 523 1514 unusquisque
542 1405 700 1502 diceret,
746 1406 942 1484 vincentes
972 1407 1013 1483 dt
1045 1406 1188 1512 proba-

143 1515 240 1595 biles
280 1516 492 1596 admodum
526 1517 691 1596 rationes
728 1515 923 1607 afferebat,
966 1533 1115 1596 utnoc
1150 1517 1188 1592 ci

141 1629 213 1734 qui
241 1626 426 1718 calidum,
473 1653 544 1704 nec
579 1628 617 1704 ci
651 1627 720 1734 qui
757 1625 945 1732 frigidum
971 1625 1078 1706 idem
1114 1625 1188 1704 effe

142 1739 406 1835 contenderet,
433 1737 693 1816 contradicere
719 1737 928 1844 potuerim,
956 1737 1074 1844 idque
1093 1733 1191 1814 ciam
1324 1749 1329 1754 '

143 1843 265 1954 probri
304 1848 439 1928 scirem
487 1849 591 1926 idem
628 1846 768 1927 eodem
806 1867 981 1953 tempore
1016 1848 1199 1938 calidum,

143 1955 402 2064 &frigidum
444 1951 515 2046 else
551 1967 629 2036 tion
662 1958 778 2067 polle.
854 1958 1034 2038 Prorsum
1070 1953 1189 2066 igitur

144 2066 220 2146 tale
253 2068 349 2174 quid
381 2068 580 2149 accidebat
614 2069 729 2163 mibi,
774 2068 888 2176 quale
918 2067 979 2146 his
1008 2062 1077 2174 qni
1095 2072 1189 2148 dor-

143 2177 298 2268 mitant,
328 2177 470 2296 scilicpt
487 2199 530 2278 pt
550 2179 668 2258 modo
697 2203 919 2269 annuerem,
949 2175 1069 2256 modb
1097 2177 1188 2257 verb

143 2287 374 2370 abnuerem:
422 2305 599 2396 praterea
629 2289 706 2370 hoc
740 2291 819 2370 illis
855 2283 971 2396 longb
1003 2306 1083 2366 erat
1115 2292 1187 2370 ab·

142 2398 289 2478 surdius
296 2434 310 2492 3
356 2399 590 2480 observando
615 2405 724 2482 enim
742 2401 872 2481 inveni
893 2399 963 2479 hos
986 2401 1087 2508 ipsos
1106 2400 1192 2478 stu-

143 2506 250 2592 diose
268 2510 398 2592 sectari
416 2538 473 2603 ea,
502 2539 588 2620 quae
601 2513 771 2621 ipsorum
791 2512 915 2593 verbis
935 2539 1054 2619 quam
1073 2537 1189 2590 max·
1273 2525 1277 2532 ’

127 2618 224 2702 ime
245 2623 434 2702 contraria
451 2621 581 2702 client.
638 2623 748 2703 Nam
777 2649 856 2714 eos,
899 2625 968 2729 qui
997 2651 1051 2702 me
1067 2650 1188 2730 pecu·

142 2732 250 2812 niam
288 2732 480 2812 suaserunt
516 2753 777 2827 contemnere,
833 2733 1011 2814 videbam
1056 2735 1092 2812 ei
1127 2751 1187 2812 te·

143 2841 287 2920 nacirer
323 2842 587 2942 adhaerentes,
614 2846 662 2924 de
694 2844 841 2924 foenore
870 2845 1080 2951 litigantes,
1117 2870 1189 2951 pro

141 2953 319 3032 mercede
355 2953 557 3046 docentem
592 2957 725 3036 omnia
758 2954 925 3061 denique
951 2957 1034 3060 ejus
1064 2953 1188 3060 gratia
1236 2955 1239 2963 '

143 3061 369 3144 tolerantes:
418 3089 482 3144 eos
513 3063 617 3156 verb,
656 3066 725 3170 qui
756 3065 920 3174 gloriam
958 3061 1184 3172 rejecerunt,

140 3169 246 3252 illius
282 3173 404 3278 gratia
434 3175 567 3254 omnia
597 3173 762 3256 studiose
792 3174 992 3267 sectantem
1032 3174 1186 3254 omnes-

126 3279 330 3386 ,nactae
367 3284 606 3392 voluptatem
622 3361 625 3366 ,
640 3290 766 3392 palam
785 3285 1015 3376 accusantes,
1059 3288 1186 3391 priva-

143 3394 217 3470 tim
249 3391 414 3474 verbex
447 3395 492 3473 eat
528 3396 605 3474 sold
639 3397 861 3499 pendennes.
919 3399 1083 3502 Ergo&
1113 3393 1187 3474 hec
1303 3477 1307 3484 ,

143 3501 205 3607 spe
239 3501 434 3586 frustratus
467 3505 594 3584 adhuc
623 3505 746 3608 magis
779 3506 1023 3610 indignabar3
1073 3503 1188 3584 tacite
1230 3546 1238 3563 ·

142 3629 271 3694 tamen
307 3614 497 3720 meipsum
534 3615 746 3704 consolans,
792 3613 896 3722 qubd
926 3643 1017 3694 cum
1052 3617 1188 3697 multis

133 3721 181 3798 ,δι
216 3721 521 3830 sapientibus&
557 3725 609 3803 ob
642 3725 888 3830 prudentiam
934 3753 1010 3804 non
1034 3721 1188 3832 ‚pariam

141 3830 398 3914 celebratis&
430 3832 608 3940 infipiens
636 3830 767 3938 etiem,
815 3835 854 3912 be
874 3831 951 3914 veri
971 3832 1096 3916 adhuc
1125 3839 1187 3938 igr

133 3965 254 4038 natus
273 3941 504 4028 oberrarem.
534 3943 749 4037 ,Tandem
768 3942 870 4028 mihi
902 3942 1045 4026 horum
1065 3944 1188 4052 capel

928 4109 931 4118 ·
980 4057 1186 4164 aliquando
