<?xml version="1.0" encoding="UTF-8"?>
<!DOCTYPE html PUBLIC "-//W3C//DTD XHTML 1.0 Transitional//EN"
    "http://www.w3.org/TR/xhtml1/DTD/xhtml1-transitional.dtd">
<html xmlns="http://www.w3.org/1999/xhtml" xml:lang="en" lang="en">
 <head>
  <title>
</title>
<meta http-equiv="Content-Type" content="text/html;charset=utf-8" />
  <meta name='ocr-system' content='tesseract 3.04.00' />
  <meta name='ocr-capabilities' content='ocr_page ocr_carea ocr_par ocr_line ocrx_word'/>
</head>
<body>
  <div class='ocr_page' id='page_1' title='image "./excerptaqudamex00lucigoog_0309.png"; bbox 0 0 2914 4724; ppageno 0'>
   <div class='ocr_carea' id='block_1_1' title="bbox 177 290 1279 592">
    <p class='ocr_par' dir='ltr' id='par_1_1' title="bbox 177 290 1279 592">
     <span class='ocr_line' id='line_1_1' title="bbox 178 290 1278 458; baseline -0.002 -23"><span class='ocrx_word' id='word_1_1' title='bbox 178 415 181 422; x_wconf 89' lang='lat'><em>.</em></span> <span class='ocrx_word' id='word_1_2' title='bbox 272 439 273 444; x_wconf 4' lang='grc' dir='ltr'><strong><em>Ν</em></strong></span> <span class='ocrx_word' id='word_1_3' title='bbox 365 290 1110 438; x_wconf 58' lang='grc' dir='ltr'><strong>ΜοΚτυοΜηΑιοοι.</strong></span> <span class='ocrx_word' id='word_1_4' title='bbox 1197 327 1278 458; x_wconf 75' lang='lat'>2‘99</span> 
     </span>
     <span class='ocr_line' id='line_1_2' title="bbox 177 475 1279 592; baseline -0.006 -21"><span class='ocrx_word' id='word_1_5' title='bbox 177 513 179 518; x_wconf 76' lang='grc'><strong>“</strong></span> <span class='ocrx_word' id='word_1_6' title='bbox 226 515 305 579; x_wconf 84' lang='lat' dir='ltr'>non</span> <span class='ocrx_word' id='word_1_7' title='bbox 321 486 502 566; x_wconf 84' lang='lat' dir='ltr'>illiberali</span> <span class='ocrx_word' id='word_1_8' title='bbox 521 483 637 587; x_wconf 86' lang='lat' dir='ltr'>facie)</span> <span class='ocrx_word' id='word_1_9' title='bbox 681 478 844 564; x_wconf 88' lang='lat' dir='ltr'>barbaro</span> <span class='ocrx_word' id='word_1_10' title='bbox 868 511 976 568; x_wconf 87' lang='lat' dir='ltr'>more</span> <span class='ocrx_word' id='word_1_11' title='bbox 1004 481 1102 592; x_wconf 72' lang='lat' dir='ltr'>agre</span> <span class='ocrx_word' id='word_1_12' title='bbox 1130 475 1279 564; x_wconf 86' lang='lat' dir='ltr'>ferebat</span> 
     </span>
    </p>
   </div>
   <div class='ocr_carea' id='block_1_2' title="bbox 112 593 1331 2382">
    <p class='ocr_par' dir='ltr' id='par_1_2' title="bbox 165 593 1281 1256">
     <span class='ocr_line' id='line_1_3' title="bbox 228 593 1281 708; baseline -0.003 -29"><span class='ocrx_word' id='word_1_13' title='bbox 228 620 342 708; x_wconf 83' lang='lat' dir='ltr'>atque</span> <span class='ocrx_word' id='word_1_14' title='bbox 361 595 646 703; x_wconf 77' lang='lat' dir='ltr'>indignabatur</span> <span class='ocrx_word' id='word_1_15' title='bbox 688 593 797 696; x_wconf 77' lang='lat' dir='ltr'>quod·</span> <span class='ocrx_word' id='word_1_16' title='bbox 825 595 965 702; x_wconf 83' lang='lat' dir='ltr'>pedes,</span> <span class='ocrx_word' id='word_1_17' title='bbox 968 596 1179 686; x_wconf 84' lang='lat' dir='ltr'>incederet,</span> <span class='ocrx_word' id='word_1_18' title='bbox 1228 596 1281 676; x_wconf 77' lang='lat' dir='ltr'>sr-</span> 
     </span>
     <span class='ocr_line' id='line_1_4' title="bbox 165 701 1280 846; baseline -0.006 -55"><span class='ocrx_word' id='word_1_19' title='bbox 165 701 167 705; x_wconf 47' lang='grc'>’</span> <span class='ocrx_word' id='word_1_20' title='bbox 227 713 345 818; x_wconf 90' lang='lat' dir='ltr'>bique</span> <span class='ocrx_word' id='word_1_21' title='bbox 374 721 520 846; x_wconf 81' lang='lat' dir='ltr'>equum</span> <span class='ocrx_word' id='word_1_22' title='bbox 557 707 696 784; x_wconf 84' lang='lat' dir='ltr'>adduci</span> <span class='ocrx_word' id='word_1_23' title='bbox 731 707 901 784; x_wconf 83' lang='lat' dir='ltr'>volebatr</span> <span class='ocrx_word' id='word_1_24' title='bbox 951 705 1057 785; x_wconf 90' lang='lat' dir='ltr'>Nam</span> <span class='ocrx_word' id='word_1_25' title='bbox 1085 707 1125 784; x_wconf 74' lang='lat' dir='ltr'>dr</span> <span class='ocrx_word' id='word_1_26' title='bbox 1158 732 1280 812; x_wconf 80' lang='lat' dir='ltr'>equus</span> 
     </span>
     <span class='ocr_line' id='line_1_5' title="bbox 227 814 1281 908; baseline -0.008 -6"><span class='ocrx_word' id='word_1_27' title='bbox 227 821 303 902; x_wconf 73' lang='lat' dir='ltr'>una</span> <span class='ocrx_word' id='word_1_28' title='bbox 354 845 444 896; x_wconf 89' lang='lat' dir='ltr'>cum</span> <span class='ocrx_word' id='word_1_29' title='bbox 471 837 542 893; x_wconf 88' lang='lat' dir='ltr'>eo</span> <span class='ocrx_word' id='word_1_30' title='bbox 588 836 760 895; x_wconf 87' lang='lat' dir='ltr'>mortuus</span> <span class='ocrx_word' id='word_1_31' title='bbox 803 832 895 908; x_wconf 89' lang='lat' dir='ltr'>erat,</span> <span class='ocrx_word' id='word_1_32' title='bbox 959 815 1149 895; x_wconf 87' lang='lat' dir='ltr'>ambobus</span> <span class='ocrx_word' id='word_1_33' title='bbox 1204 814 1281 894; x_wconf 67' lang='lat' dir='ltr'>und</span> 
     </span>
     <span class='ocr_line' id='line_1_6' title="bbox 226 921 1279 1038; baseline -0.001 -31"><span class='ocrx_word' id='word_1_34' title='bbox 226 927 341 1038; x_wconf 80' lang='lat' dir='ltr'>plaga</span> <span class='ocrx_word' id='word_1_35' title='bbox 372 925 577 1006; x_wconf 82' lang='lat' dir='ltr'>transsoffis</span> <span class='ocrx_word' id='word_1_36' title='bbox 610 921 814 1006; x_wconf 79' lang='lat' dir='ltr'>aThra&#39;ce</span> <span class='ocrx_word' id='word_1_37' title='bbox 831 925 1002 1034; x_wconf 85' lang='lat' dir='ltr'>quodam</span> <span class='ocrx_word' id='word_1_38' title='bbox 1030 927 1190 1017; x_wconf 90' lang='lat' dir='ltr'>scutato,</span> <span class='ocrx_word' id='word_1_39' title='bbox 1237 928 1279 1006; x_wconf 92' lang='lat' dir='ltr'>in</span> 
     </span>
     <span class='ocr_line' id='line_1_7' title="bbox 226 1037 1279 1147; baseline -0.003 -28"><span class='ocrx_word' id='word_1_40' title='bbox 226 1067 274 1119; x_wconf 87' lang='lat' dir='ltr'>eo</span> <span class='ocrx_word' id='word_1_41' title='bbox 306 1040 449 1147; x_wconf 74' lang='lat' dir='ltr'>psalle,</span> <span class='ocrx_word' id='word_1_42' title='bbox 505 1039 651 1146; x_wconf 90' lang='lat' dir='ltr'>quod</span> <span class='ocrx_word' id='word_1_43' title='bbox 652 1065 745 1115; x_wconf 89' lang='lat' dir='ltr'>curn</span> <span class='ocrx_word' id='word_1_44' title='bbox 789 1065 896 1144; x_wconf 87' lang='lat' dir='ltr'>rege</span> <span class='ocrx_word' id='word_1_45' title='bbox 911 1039 1191 1144; x_wconf 86' lang='lat' dir='ltr'>Cappadocum</span> <span class='ocrx_word' id='word_1_46' title='bbox 1230 1037 1279 1116; x_wconf 87' lang='lat' dir='ltr'>ad</span> 
     </span>
     <span class='ocr_line' id='line_1_8' title="bbox 226 1145 1280 1256; baseline -0.006 -25"><span class='ocrx_word' id='word_1_47' title='bbox 226 1155 398 1231; x_wconf 85' lang='lat' dir='ltr'>Araxem</span> <span class='ocrx_word' id='word_1_48' title='bbox 414 1149 583 1256; x_wconf 58' lang='lat' dir='ltr'>fluorem</span> <span class='ocrx_word' id='word_1_49' title='bbox 613 1145 824 1254; x_wconf 77' lang='lat' dir='ltr'>commiffirm</span> <span class='ocrx_word' id='word_1_50' title='bbox 843 1146 1009 1250; x_wconf 81' lang='lat' dir='ltr'>suerat:</span> <span class='ocrx_word' id='word_1_51' title='bbox 1057 1147 1164 1228; x_wconf 89' lang='lat' dir='ltr'>Nam</span> <span class='ocrx_word' id='word_1_52' title='bbox 1199 1152 1280 1228; x_wconf 87' lang='lat' dir='ltr'>Ar-</span> 
     </span>
    </p>

    <p class='ocr_par' dir='ltr' id='par_1_3' title="bbox 112 1251 1280 1569">
     <span class='ocr_line' id='line_1_9' title="bbox 112 1251 1279 1366; baseline -0.002 -25"><span class='ocrx_word' id='word_1_53' title='bbox 112 1251 116 1258; x_wconf 36' lang='lat'><em>*</em></span> <span class='ocrx_word' id='word_1_54' title='bbox 226 1262 327 1341; x_wconf 81' lang='lat' dir='ltr'>sacer</span> <span class='ocrx_word' id='word_1_55' title='bbox 361 1257 478 1366; x_wconf 74' lang='lat' dir='ltr'>lunge</span> <span class='ocrx_word' id='word_1_56' title='bbox 511 1257 722 1349; x_wconf 84' lang='lat' dir='ltr'>antealios,</span> <span class='ocrx_word' id='word_1_57' title='bbox 768 1280 810 1335; x_wconf 92' lang='lat' dir='ltr'>ut</span> <span class='ocrx_word' id='word_1_58' title='bbox 840 1257 918 1364; x_wconf 86' lang='lat' dir='ltr'>ipse</span> <span class='ocrx_word' id='word_1_59' title='bbox 949 1259 1137 1349; x_wconf 87' lang='lat' dir='ltr'>narrabat,</span> <span class='ocrx_word' id='word_1_60' title='bbox 1185 1282 1279 1340; x_wconf 89' lang='lat' dir='ltr'>cum</span> 
     </span>
     <span class='ocr_line' id='line_1_10' title="bbox 227 1365 1280 1477; baseline -0.004 -27"><span class='ocrx_word' id='word_1_61' title='bbox 227 1373 377 1477; x_wconf 83' lang='lat' dir='ltr'>impetu</span> <span class='ocrx_word' id='word_1_62' title='bbox 400 1395 512 1448; x_wconf 87' lang='lat' dir='ltr'>ruens</span> <span class='ocrx_word' id='word_1_63' title='bbox 533 1370 571 1446; x_wconf 89' lang='lat' dir='ltr'>in</span> <span class='ocrx_word' id='word_1_64' title='bbox 593 1367 757 1458; x_wconf 83' lang='lat' dir='ltr'>hostem,</span> <span class='ocrx_word' id='word_1_65' title='bbox 787 1367 1000 1446; x_wconf 86' lang='lat' dir='ltr'>serebatur:</span> <span class='ocrx_word' id='word_1_66' title='bbox 1039 1370 1174 1446; x_wconf 80' lang='lat' dir='ltr'>Thrax</span> <span class='ocrx_word' id='word_1_67' title='bbox 1191 1365 1280 1446; x_wconf 78' lang='lat' dir='ltr'>verd</span> 
     </span>
     <span class='ocr_line' id='line_1_11' title="bbox 214 1477 1278 1569; baseline -0.003 -10"><span class='ocrx_word' id='word_1_68' title='bbox 214 1481 439 1569; x_wconf 65' lang='lat' dir='ltr'>&#39;&#39;subsistenn</span> <span class='ocrx_word' id='word_1_69' title='bbox 486 1481 525 1556; x_wconf 78' lang='lat' dir='ltr'>dc</span> <span class='ocrx_word' id='word_1_70' title='bbox 560 1479 901 1569; x_wconf 85' lang='lat' dir='ltr'>scutomsnbiens,</span> <span class='ocrx_word' id='word_1_71' title='bbox 951 1479 1100 1557; x_wconf 88' lang='lat' dir='ltr'>Arsacis</span> <span class='ocrx_word' id='word_1_72' title='bbox 1131 1477 1278 1556; x_wconf 88' lang='lat' dir='ltr'>hastam</span> 
     </span>
    </p>

    <p class='ocr_par' dir='ltr' id='par_1_4' title="bbox 147 1577 1331 2363">
     <span class='ocr_line' id='line_1_12' title="bbox 167 1577 1278 1696; baseline -0.003 -28"><span class='ocrx_word' id='word_1_73' title='bbox 167 1577 172 1588; x_wconf 60' lang='grc'>’</span> <span class='ocrx_word' id='word_1_74' title='bbox 226 1591 409 1670; x_wconf 84' lang='lat' dir='ltr'>excuffit:</span> <span class='ocrx_word' id='word_1_75' title='bbox 454 1588 533 1696; x_wconf 80' lang='lat' dir='ltr'>ipse</span> <span class='ocrx_word' id='word_1_76' title='bbox 554 1608 698 1680; x_wconf 87' lang='lat' dir='ltr'>autem</span> <span class='ocrx_word' id='word_1_77' title='bbox 728 1587 908 1668; x_wconf 71' lang='lat' dir='ltr'>submissa</span> <span class='ocrx_word' id='word_1_78' title='bbox 927 1587 1063 1688; x_wconf 71' lang='lat' dir='ltr'>sanna,</span> <span class='ocrx_word' id='word_1_79' title='bbox 1109 1609 1193 1668; x_wconf 90' lang='lat' dir='ltr'>tum</span> <span class='ocrx_word' id='word_1_80' title='bbox 1227 1590 1278 1666; x_wconf 93' lang='lat' dir='ltr'>il</span> 
     </span>
     <span class='ocr_line' id='line_1_13' title="bbox 225 1699 1279 1810; baseline -0.004 -30"><span class='ocrx_word' id='word_1_81' title='bbox 225 1703 312 1784; x_wconf 89' lang='lat' dir='ltr'>lum</span> <span class='ocrx_word' id='word_1_82' title='bbox 329 1723 413 1780; x_wconf 89' lang='lat' dir='ltr'>tum</span> <span class='ocrx_word' id='word_1_83' title='bbox 429 1725 576 1810; x_wconf 90' lang='lat' dir='ltr'>equum</span> <span class='ocrx_word' id='word_1_84' title='bbox 594 1699 897 1778; x_wconf 86' lang='lat' dir='ltr'>transverberat.</span> <span class='ocrx_word' id='word_1_85' title='bbox 943 1703 1063 1778; x_wconf 76' lang='lat' dir='ltr'>Aur.</span> <span class='ocrx_word' id='word_1_86' title='bbox 1093 1703 1162 1790; x_wconf 88' lang='lat' dir='ltr'>At,</span> <span class='ocrx_word' id='word_1_87' title='bbox 1180 1703 1279 1777; x_wconf 88' lang='lat' dir='ltr'>Cra</span> 
     </span>
     <span class='ocr_line' id='line_1_14' title="bbox 227 1799 1276 1942; baseline -0.002 -52"><span class='ocrx_word' id='word_1_88' title='bbox 227 1831 303 1903; x_wconf 76' lang='lat' dir='ltr'>teo,</span> <span class='ocrx_word' id='word_1_89' title='bbox 321 1811 532 1920; x_wconf 90' lang='lat' dir='ltr'>quomodo</span> <span class='ocrx_word' id='word_1_90' title='bbox 551 1808 626 1889; x_wconf 90' lang='lat' dir='ltr'>hoc</span> <span class='ocrx_word' id='word_1_91' title='bbox 647 1837 727 1888; x_wconf 87' lang='lat' dir='ltr'>una</span> <span class='ocrx_word' id='word_1_92' title='bbox 708 1809 911 1919; x_wconf 65' lang='lat' dir='ltr'>plagi</span> <span class='ocrx_word' id='word_1_93' title='bbox 882 1809 962 1890; x_wconf 87' lang='lat' dir='ltr'>fieri</span> <span class='ocrx_word' id='word_1_94' title='bbox 969 1799 1142 1942; x_wconf 66' lang='lat' dir='ltr'>pomi.t?.</span> <span class='ocrx_word' id='word_1_95' title='bbox 1194 1813 1276 1890; x_wconf 82' lang='lat' dir='ltr'>Cn</span> 
     </span>
     <span class='ocr_line' id='line_1_15' title="bbox 147 1920 1331 2055; baseline 0 -54"><span class='ocrx_word' id='word_1_96' title='bbox 147 1968 153 1990; x_wconf 57' lang='lat' dir='ltr'>u</span> <span class='ocrx_word' id='word_1_97' title='bbox 227 1921 447 2011; x_wconf 69' lang='lat' dir='ltr'>Facillime,</span> <span class='ocrx_word' id='word_1_98' title='bbox 493 1920 752 2002; x_wconf 89' lang='lat' dir='ltr'>Antisthenes.</span> <span class='ocrx_word' id='word_1_99' title='bbox 805 1923 885 2000; x_wconf 93' lang='lat' dir='ltr'>Hic</span> <span class='ocrx_word' id='word_1_100' title='bbox 919 1924 1026 2000; x_wconf 87' lang='lat' dir='ltr'>enim</span> <span class='ocrx_word' id='word_1_101' title='bbox 1066 1923 1280 2055; x_wconf 85' lang='lat' dir='ltr'>viginticu</span> <span class='ocrx_word' id='word_1_102' title='bbox 1322 1952 1331 1964; x_wconf 42' lang='lat'>¹·</span> 
     </span>
     <span class='ocr_line' id='line_1_16' title="bbox 227 2032 1277 2137; baseline -0.002 -27"><span class='ocrx_word' id='word_1_103' title='bbox 227 2034 388 2112; x_wconf 90' lang='lat' dir='ltr'>bitalem</span> <span class='ocrx_word' id='word_1_104' title='bbox 424 2052 587 2112; x_wconf 88' lang='lat' dir='ltr'>contum</span> <span class='ocrx_word' id='word_1_105' title='bbox 617 2032 869 2137; x_wconf 84' lang='lat' dir='ltr'>praetendem,</span> <span class='ocrx_word' id='word_1_106' title='bbox 918 2032 1076 2111; x_wconf 87' lang='lat' dir='ltr'>infesto</span> <span class='ocrx_word' id='word_1_107' title='bbox 1095 2033 1204 2112; x_wconf 90' lang='lat' dir='ltr'>cursu</span> <span class='ocrx_word' id='word_1_108' title='bbox 1237 2041 1277 2118; x_wconf 80' lang='lat' dir='ltr'>in</span> 
     </span>
     <span class='ocr_line' id='line_1_17' title="bbox 226 2139 1279 2272; baseline 0.002 -50.004"><span class='ocrx_word' id='word_1_109' title='bbox 226 2160 308 2224; x_wconf 81' lang='lat' dir='ltr'>&#39;eum</span> <span class='ocrx_word' id='word_1_110' title='bbox 340 2143 557 2222; x_wconf 83' lang='lat' dir='ltr'>ferebatur:</span> <span class='ocrx_word' id='word_1_111' title='bbox 599 2139 738 2222; x_wconf 86' lang='lat' dir='ltr'>Thrax</span> <span class='ocrx_word' id='word_1_112' title='bbox 760 2142 862 2235; x_wconf 67' lang='lat' dir='ltr'>veri,</span> <span class='ocrx_word' id='word_1_113' title='bbox 911 2145 979 2222; x_wconf 93' lang='lat' dir='ltr'>ubi</span> <span class='ocrx_word' id='word_1_114' title='bbox 1014 2141 1117 2252; x_wconf 73' lang='lat' dir='ltr'>peltd</span> <span class='ocrx_word' id='word_1_115' title='bbox 1139 2142 1279 2272; x_wconf 64' lang='lat' dir='ltr'>quedd</span> 
     </span>
     <span class='ocr_line' id='line_1_18' title="bbox 225 2250 1296 2382; baseline 0.003 -51"><span class='ocrx_word' id='word_1_116' title='bbox 225 2255 380 2362; x_wconf 85' lang='lat' dir='ltr'>plagam</span> <span class='ocrx_word' id='word_1_117' title='bbox 402 2250 574 2344; x_wconf 76' lang='lat' dir='ltr'>excussit,</span> <span class='ocrx_word' id='word_1_118' title='bbox 618 2253 823 2362; x_wconf 78' lang='lat' dir='ltr'>ipsumque</span> <span class='ocrx_word' id='word_1_119' title='bbox 842 2253 968 2361; x_wconf 78' lang='lat' dir='ltr'>cuspis</span> <span class='ocrx_word' id='word_1_120' title='bbox 1002 2256 1196 2382; x_wconf 83' lang='lat' dir='ltr'>praeteriit,</span> <span class='ocrx_word' id='word_1_121' title='bbox 1236 2257 1296 2334; x_wconf 76' lang='lat' dir='ltr'>in</span> 
     </span>
    </p>
   </div>
   <div class='ocr_carea' id='block_1_3' title="bbox 86 2363 1283 2473">
    <p class='ocr_par' dir='ltr' id='par_1_5' title="bbox 86 2363 1283 2473">
     <span class='ocr_line' id='line_1_19' title="bbox 86 2363 1283 2473; baseline 0.002 -31"><span class='ocrx_word' id='word_1_122' title='bbox 86 2365 93 2393; x_wconf 91' lang='lat'>&#39;</span> <span class='ocrx_word' id='word_1_123' title='bbox 225 2391 328 2473; x_wconf 88' lang='lat' dir='ltr'>genu</span> <span class='ocrx_word' id='word_1_124' title='bbox 364 2363 637 2472; x_wconf 70' lang='lat' dir='ltr'>procumbenS,</span> <span class='ocrx_word' id='word_1_125' title='bbox 685 2365 835 2472; x_wconf 90' lang='lat' dir='ltr'>impetu</span> <span class='ocrx_word' id='word_1_126' title='bbox 872 2364 993 2442; x_wconf 71' lang='lat' dir='ltr'>farina</span> <span class='ocrx_word' id='word_1_127' title='bbox 1029 2367 1188 2471; x_wconf 88' lang='lat' dir='ltr'>excipit,</span> <span class='ocrx_word' id='word_1_128' title='bbox 1233 2391 1283 2458; x_wconf 47' lang='lat' dir='ltr'>ac,</span> 
     </span>
    </p>
   </div>
   <div class='ocr_carea' id='block_1_4' title="bbox 127 2473 1336 2821">
    <p class='ocr_par' dir='ltr' id='par_1_6' title="bbox 127 2473 1336 2802">
     <span class='ocr_line' id='line_1_20' title="bbox 226 2473 1277 2582; baseline 0 -28"><span class='ocrx_word' id='word_1_129' title='bbox 226 2503 372 2582; x_wconf 87' lang='lat' dir='ltr'>equum</span> <span class='ocrx_word' id='word_1_130' title='bbox 393 2479 461 2553; x_wconf 86' lang='lat' dir='ltr'>sub</span> <span class='ocrx_word' id='word_1_131' title='bbox 487 2475 642 2580; x_wconf 62' lang='lat' dir='ltr'>petitore</span> <span class='ocrx_word' id='word_1_132' title='bbox 671 2473 859 2563; x_wconf 86' lang='lat' dir='ltr'>vulnerat,</span> <span class='ocrx_word' id='word_1_133' title='bbox 903 2476 971 2580; x_wconf 86' lang='lat' dir='ltr'>qui</span> <span class='ocrx_word' id='word_1_134' title='bbox 992 2503 1068 2581; x_wconf 80' lang='lat' dir='ltr'>praa</span> <span class='ocrx_word' id='word_1_135' title='bbox 1088 2473 1214 2553; x_wconf 88' lang='lat' dir='ltr'>furore</span> <span class='ocrx_word' id='word_1_136' title='bbox 1233 2503 1277 2555; x_wconf 87' lang='lat' dir='ltr'>ac</span> 
     </span>
     <span class='ocr_line' id='line_1_21' title="bbox 128 2581 1336 2690; baseline 0.001 -28"><span class='ocrx_word' id='word_1_137' title='bbox 128 2601 130 2610; x_wconf 89' lang='lat'>&#39;</span> <span class='ocrx_word' id='word_1_138' title='bbox 225 2583 472 2667; x_wconf 82' lang='lat' dir='ltr'>vehementia</span> <span class='ocrx_word' id='word_1_139' title='bbox 509 2581 673 2690; x_wconf 88' lang='lat' dir='ltr'>seipsum</span> <span class='ocrx_word' id='word_1_140' title='bbox 716 2583 972 2689; x_wconf 85' lang='lat' dir='ltr'>transadegit,</span> <span class='ocrx_word' id='word_1_141' title='bbox 1027 2583 1278 2663; x_wconf 84' lang='lat' dir='ltr'>transfoditur</span> <span class='ocrx_word' id='word_1_142' title='bbox 1331 2643 1336 2651; x_wconf 84' lang='lat'>-</span> 
     </span>
     <span class='ocr_line' id='line_1_22' title="bbox 127 2693 1276 2821; baseline 0 -47"><span class='ocrx_word' id='word_1_143' title='bbox 127 2765 137 2786; x_wconf 88' lang='grc'><strong><em>,</em></strong></span> <span class='ocrx_word' id='word_1_144' title='bbox 227 2713 358 2774; x_wconf 87' lang='lat' dir='ltr'>autem</span> <span class='ocrx_word' id='word_1_145' title='bbox 386 2693 603 2773; x_wconf 83' lang='lat' dir='ltr'>&amp;Arsaces</span> <span class='ocrx_word' id='word_1_146' title='bbox 633 2719 701 2798; x_wconf 88' lang='lat' dir='ltr'>per</span> <span class='ocrx_word' id='word_1_147' title='bbox 733 2697 876 2800; x_wconf 86' lang='lat' dir='ltr'>inguen</span> <span class='ocrx_word' id='word_1_148' title='bbox 898 2696 1080 2801; x_wconf 85' lang='lat' dir='ltr'>penitus</span> <span class='ocrx_word' id='word_1_149' title='bbox 1074 2696 1198 2821; x_wconf 90' lang='lat' dir='ltr'>usque</span> <span class='ocrx_word' id='word_1_150' title='bbox 1229 2695 1276 2774; x_wconf 88' lang='lat' dir='ltr'>ad</span> 
     </span>
    </p>
   </div>
   <div class='ocr_carea' id='block_1_5' title="bbox 171 2802 1449 2928">
    <p class='ocr_par' dir='ltr' id='par_1_7' title="bbox 171 2802 1449 2928">
     <span class='ocr_line' id='line_1_23' title="bbox 171 2802 1449 2928; baseline 0.003 -46"><span class='ocrx_word' id='word_1_151' title='bbox 171 2853 174 2860; x_wconf 90' lang='lat'>·</span> <span class='ocrx_word' id='word_1_152' title='bbox 226 2825 346 2884; x_wconf 87' lang='lat' dir='ltr'>nates.</span> <span class='ocrx_word' id='word_1_153' title='bbox 405 2805 524 2882; x_wconf 87' lang='lat' dir='ltr'>Vides</span> <span class='ocrx_word' id='word_1_154' title='bbox 544 2803 667 2911; x_wconf 86' lang='lat' dir='ltr'>quale</span> <span class='ocrx_word' id='word_1_155' title='bbox 695 2803 770 2882; x_wconf 92' lang='lat' dir='ltr'>hoc</span> <span class='ocrx_word' id='word_1_156' title='bbox 800 2802 936 2882; x_wconf 80' lang='lat' dir='ltr'>fuerit?</span> <span class='ocrx_word' id='word_1_157' title='bbox 979 2831 1055 2883; x_wconf 94' lang='lat' dir='ltr'>non</span> <span class='ocrx_word' id='word_1_158' title='bbox 1083 2807 1167 2898; x_wconf 89' lang='lat' dir='ltr'>viri,</span> <span class='ocrx_word' id='word_1_159' title='bbox 1211 2805 1276 2886; x_wconf 89' lang='lat' dir='ltr'>sed</span> <span class='ocrx_word' id='word_1_160' title='bbox 1401 2823 1449 2928; x_wconf 18' lang='grc'>’1</span> 
     </span>
    </p>
   </div>
   <div class='ocr_carea' id='block_1_6' title="bbox 228 2910 1276 3024">
    <p class='ocr_par' dir='ltr' id='par_1_8' title="bbox 228 2910 1276 3024">
     <span class='ocr_line' id='line_1_24' title="bbox 228 2910 1276 3024; baseline 0.002 -32"><span class='ocrx_word' id='word_1_161' title='bbox 228 2910 356 3024; x_wconf 80' lang='lat' dir='ltr'>potiias</span> <span class='ocrx_word' id='word_1_162' title='bbox 405 2917 497 3022; x_wconf 88' lang='lat' dir='ltr'>equi</span> <span class='ocrx_word' id='word_1_163' title='bbox 544 2941 663 3022; x_wconf 90' lang='lat' dir='ltr'>opus</span> <span class='ocrx_word' id='word_1_164' title='bbox 729 2915 1029 2994; x_wconf 85' lang='lat' dir='ltr'>Veruntamen</span> <span class='ocrx_word' id='word_1_165' title='bbox 1046 2915 1276 3022; x_wconf 88' lang='lat' dir='ltr'>indignaba-</span> 
     </span>
    </p>
   </div>
   <div class='ocr_carea' id='block_1_7' title="bbox 36 3021 1277 3162">
    <p class='ocr_par' dir='ltr' id='par_1_9' title="bbox 36 3021 1277 3162">
     <span class='ocr_line' id='line_1_25' title="bbox 36 3021 1277 3162; baseline 0.018 -68"><span class='ocrx_word' id='word_1_166' title='bbox 36 3043 41 3050; x_wconf 92' lang='lat'>·</span> <span class='ocrx_word' id='word_1_167' title='bbox 228 3045 290 3104; x_wconf 92' lang='lat' dir='ltr'>tur</span> <span class='ocrx_word' id='word_1_168' title='bbox 321 3027 400 3115; x_wconf 88' lang='lat' dir='ltr'>ille,</span> <span class='ocrx_word' id='word_1_169' title='bbox 450 3023 573 3132; x_wconf 82' lang='lat' dir='ltr'>quhd</span> <span class='ocrx_word' id='word_1_170' title='bbox 601 3053 676 3103; x_wconf 93' lang='lat' dir='ltr'>non</span> <span class='ocrx_word' id='word_1_171' title='bbox 710 3025 910 3162; x_wconf 82' lang='lat' dir='ltr'>ampliore</span> <span class='ocrx_word' id='word_1_172' title='bbox 947 3023 1083 3134; x_wconf 89' lang='lat' dir='ltr'>quarn</span> <span class='ocrx_word' id='word_1_173' title='bbox 1104 3029 1167 3104; x_wconf 78' lang='lat' dir='ltr'>alii</span> <span class='ocrx_word' id='word_1_174' title='bbox 1199 3021 1277 3105; x_wconf 82' lang='lat' dir='ltr'>ho·</span> 
     </span>
    </p>
   </div>
   <div class='ocr_carea' id='block_1_8' title="bbox 184 3125 1346 4196">
    <p class='ocr_par' dir='ltr' id='par_1_10' title="bbox 184 3125 1346 4132">
     <span class='ocr_line' id='line_1_26' title="bbox 226 3125 1275 3264; baseline 0 -48"><span class='ocrx_word' id='word_1_175' title='bbox 226 3163 319 3224; x_wconf 86' lang='lat' dir='ltr'>nore</span> <span class='ocrx_word' id='word_1_176' title='bbox 339 3137 569 3216; x_wconf 90' lang='lat' dir='ltr'>haberetur·</span> <span class='ocrx_word' id='word_1_177' title='bbox 614 3132 847 3264; x_wconf 74' lang='lat' dir='ltr'>volebdtque</span> <span class='ocrx_word' id='word_1_178' title='bbox 876 3162 991 3246; x_wconf 86' lang='lat' dir='ltr'>eques</span> <span class='ocrx_word' id='word_1_179' title='bbox 1019 3125 1090 3217; x_wconf 75' lang='lat' dir='ltr'>hue</span> <span class='ocrx_word' id='word_1_180' title='bbox 1120 3127 1275 3218; x_wconf 81' lang='lat' dir='ltr'>descen·—</span> 
     </span>
     <span class='ocr_line' id='line_1_27' title="bbox 226 3237 1274 3357; baseline 0.002 -31"><span class='ocrx_word' id='word_1_181' title='bbox 226 3237 328 3326; x_wconf 85' lang='lat' dir='ltr'>dere</span> <span class='ocrx_word' id='word_1_182' title='bbox 378 3250 553 3332; x_wconf 77' lang='lat' dir='ltr'>Oroetes</span> <span class='ocrx_word' id='word_1_183' title='bbox 587 3267 719 3325; x_wconf 89' lang='lat' dir='ltr'>autem</span> <span class='ocrx_word' id='word_1_184' title='bbox 760 3251 927 3353; x_wconf 78' lang='lat' dir='ltr'>privatus</span> <span class='ocrx_word' id='word_1_185' title='bbox 968 3248 1142 3357; x_wconf 81' lang='lat' dir='ltr'>quispiam</span> <span class='ocrx_word' id='word_1_186' title='bbox 1176 3267 1274 3341; x_wconf 84' lang='lat' dir='ltr'>erat,</span> 
     </span>
     <span class='ocr_line' id='line_1_28' title="bbox 227 3355 1321 3466; baseline 0.005 -34"><span class='ocrx_word' id='word_1_187' title='bbox 227 3359 407 3465; x_wconf 81' lang='lat' dir='ltr'>pedibus</span> <span class='ocrx_word' id='word_1_188' title='bbox 421 3355 653 3436; x_wconf 88' lang='lat' dir='ltr'>admodum</span> <span class='ocrx_word' id='word_1_189' title='bbox 671 3357 815 3450; x_wconf 83' lang='lat' dir='ltr'>mollis,</span> <span class='ocrx_word' id='word_1_190' title='bbox 865 3385 990 3466; x_wconf 87' lang='lat' dir='ltr'>neque</span> <span class='ocrx_word' id='word_1_191' title='bbox 1020 3360 1133 3439; x_wconf 89' lang='lat' dir='ltr'>humi</span> <span class='ocrx_word' id='word_1_192' title='bbox 1166 3361 1274 3453; x_wconf 86' lang='lat' dir='ltr'>stare,</span> <span class='ocrx_word' id='word_1_193' title='bbox 1317 3379 1321 3392; x_wconf 70' lang='grc'><em>“</em></span> 
     </span>
     <span class='ocr_line' id='line_1_29' title="bbox 227 3469 1275 3574; baseline 0.006 -30"><span class='ocrx_word' id='word_1_194' title='bbox 227 3469 370 3546; x_wconf 87' lang='lat' dir='ltr'>nedum</span> <span class='ocrx_word' id='word_1_195' title='bbox 393 3471 568 3546; x_wconf 87' lang='lat' dir='ltr'>incedere</span> <span class='ocrx_word' id='word_1_196' title='bbox 588 3485 761 3574; x_wconf 88' lang='lat' dir='ltr'>poterat·</span> <span class='ocrx_word' id='word_1_197' title='bbox 811 3469 942 3548; x_wconf 87' lang='lat' dir='ltr'>Medis</span> <span class='ocrx_word' id='word_1_198' title='bbox 980 3490 1110 3551; x_wconf 87' lang='lat' dir='ltr'>autem</span> <span class='ocrx_word' id='word_1_199' title='bbox 1143 3474 1275 3551; x_wconf 85' lang='lat' dir='ltr'>omni·</span> 
     </span>
     <span class='ocr_line' id='line_1_30' title="bbox 227 3576 1346 3701; baseline 0.008 -49"><span class='ocrx_word' id='word_1_200' title='bbox 227 3577 299 3654; x_wconf 84' lang='lat' dir='ltr'>bns</span> <span class='ocrx_word' id='word_1_201' title='bbox 319 3577 395 3656; x_wconf 89' lang='lat' dir='ltr'>hoc</span> <span class='ocrx_word' id='word_1_202' title='bbox 417 3579 589 3683; x_wconf 87' lang='lat' dir='ltr'>prorsum</span> <span class='ocrx_word' id='word_1_203' title='bbox 611 3580 766 3670; x_wconf 85' lang='lat' dir='ltr'>accidit,</span> <span class='ocrx_word' id='word_1_204' title='bbox 811 3601 854 3658; x_wconf 92' lang='lat' dir='ltr'>ut</span> <span class='ocrx_word' id='word_1_205' title='bbox 876 3581 1077 3690; x_wconf 82' lang='lat' dir='ltr'>postquam</span> <span class='ocrx_word' id='word_1_206' title='bbox 1098 3587 1144 3660; x_wconf 86' lang='lat' dir='ltr'>ab</span> <span class='ocrx_word' id='word_1_207' title='bbox 1165 3583 1280 3701; x_wconf 74' lang='lat' dir='ltr'>equiq</span> <span class='ocrx_word' id='word_1_208' title='bbox 1342 3576 1346 3584; x_wconf 72' lang='grc'><strong>’</strong></span> 
     </span>
     <span class='ocr_line' id='line_1_31' title="bbox 184 3687 1275 3800; baseline 0.005 -36"><span class='ocrx_word' id='word_1_209' title='bbox 184 3742 186 3756; x_wconf 87' lang='lat'><em>.</em></span> <span class='ocrx_word' id='word_1_210' title='bbox 226 3687 502 3778; x_wconf 86' lang='lat' dir='ltr'>descenderint,</span> <span class='ocrx_word' id='word_1_211' title='bbox 552 3689 669 3766; x_wconf 89' lang='lat' dir='ltr'>veluti</span> <span class='ocrx_word' id='word_1_212' title='bbox 706 3691 905 3800; x_wconf 90' lang='lat' dir='ltr'>quisuper</span> <span class='ocrx_word' id='word_1_213' title='bbox 938 3693 1060 3796; x_wconf 83' lang='lat' dir='ltr'>spinas</span> <span class='ocrx_word' id='word_1_214' title='bbox 1090 3687 1275 3800; x_wconf 85' lang='lat' dir='ltr'>gradiuh&#39;·</span> 
     </span>
     <span class='ocr_line' id='line_1_32' title="bbox 226 3798 1274 3936; baseline 0.007 -63"><span class='ocrx_word' id='word_1_215' title='bbox 226 3818 304 3886; x_wconf 85' lang='lat' dir='ltr'>tur,</span> <span class='ocrx_word' id='word_1_216' title='bbox 369 3798 529 3877; x_wconf 83' lang='lat' dir='ltr'>summis</span> <span class='ocrx_word' id='word_1_217' title='bbox 557 3799 726 3936; x_wconf 87' lang='lat' dir='ltr'>pedum</span> <span class='ocrx_word' id='word_1_218' title='bbox 769 3801 900 3908; x_wconf 86' lang='lat' dir='ltr'>digitis</span> <span class='ocrx_word' id='word_1_219' title='bbox 947 3799 1044 3910; x_wconf 78' lang='lat' dir='ltr'>aegre</span> <span class='ocrx_word' id='word_1_220' title='bbox 1064 3803 1274 3922; x_wconf 86' lang='lat' dir='ltr'>incedant.</span> 
     </span>
     <span class='ocr_line' id='line_1_33' title="bbox 225 3869 1303 4103; baseline 0.007 -118"><span class='ocrx_word' id='word_1_221' title='bbox 225 3908 497 4014; x_wconf 77' lang='lat' dir='ltr'>Qamobrem</span> <span class='ocrx_word' id='word_1_222' title='bbox 528 3905 619 3988; x_wconf 78' lang='lat' dir='ltr'>eiam</span> <span class='ocrx_word' id='word_1_223' title='bbox 654 3909 767 3990; x_wconf 88' lang='lat' dir='ltr'>humi</span> <span class='ocrx_word' id='word_1_224' title='bbox 802 3909 937 4103; x_wconf 70' lang='lat' dir='ltr'>sponte</span> <span class='ocrx_word' id='word_1_225' title='bbox 975 3869 1252 4021; x_wconf 45' lang='lat' dir='ltr'>prostratum</span> <span class='ocrx_word' id='word_1_226' title='bbox 1207 3933 1275 4017; x_wconf 67' lang='lat' dir='ltr'>a]</span> <span class='ocrx_word' id='word_1_227' title='bbox 1294 3965 1303 4006; x_wconf 87' lang='lat'>.·</span> 
     </span>
     <span class='ocr_line' id='line_1_34' title="bbox 221 4019 1276 4196; baseline -0.003 -96"><span class='ocrx_word' id='word_1_228' title='bbox 221 4039 345 4113; x_wconf 80' lang='lat' dir='ltr'>cerer,</span> <span class='ocrx_word' id='word_1_229' title='bbox 384 4041 513 4147; x_wconf 77' lang='lat' dir='ltr'>neque</span> <span class='ocrx_word' id='word_1_230' title='bbox 545 4019 629 4152; x_wconf 84' lang='lat' dir='ltr'>ullo</span> <span class='ocrx_word' id='word_1_231' title='bbox 646 4029 760 4129; x_wconf 71' lang='lat' dir='ltr'>padio</span> <span class='ocrx_word' id='word_1_232' title='bbox 790 4021 979 4132; x_wconf 88' lang='lat' dir='ltr'>resurgere</span> <span class='ocrx_word' id='word_1_233' title='bbox 1003 4022 1130 4196; x_wconf 78' lang='lat' dir='ltr'>vellet,</span> <span class='ocrx_word' id='word_1_234' title='bbox 1170 4023 1276 4130; x_wconf 87' lang='lat' dir='ltr'>opti</span> 
     </span>
    </p>
   </div>
   <div class='ocr_carea' id='block_1_9' title="bbox 1174 4159 1278 4288">
    <p class='ocr_par' dir='ltr' id='par_1_11' title="bbox 1174 4159 1278 4288">
     <span class='ocr_line' id='line_1_35' title="bbox 1174 4159 1278 4241; baseline 0.045 -29.727"><span class='ocrx_word' id='word_1_235' title='bbox 1174 4159 1278 4241; x_wconf 62' lang='lat' dir='ltr'>mul</span> 
     </span>
     <span class='ocr_line' id='line_1_36' title="bbox 1191 4251 1255 4288; baseline -0.114 0"><span class='ocrx_word' id='word_1_236' title='bbox 1191 4251 1255 4288; x_wconf 71' lang='lat' dir='ltr'>tn</span> 
     </span>
    </p>
   </div>
   <div class='ocr_carea' id='block_1_10' title="bbox 0 0 1462 4724">
    <p class='ocr_par' dir='ltr' id='par_1_12' title="bbox 0 0 1462 4724">
     <span class='ocr_line' id='line_1_37' title="bbox 0 0 1462 4724; baseline 0 0"><span class='ocrx_word' id='word_1_237' title='bbox 0 0 1462 4724; x_wconf 95' lang='lat' dir='ltr'> </span> 
     </span>
    </p>
   </div>
  </div>
 </body>
</html>
