2894 4720
30 350 33 358 ·
126 307 269 424 402'
351 415 354 422 ἢ
442 301 844 415 LUCIANI

127 446 189 523 vel
211 442 430 538 Homericae
449 441 652 547 sapientiae,
687 439 749 517 vel
775 437 1083 520 Demosthenicae
1105 463 1177 520 ve·
1268 460 1274 472 ’

128 553 351 644 hementiae,
382 552 440 629 vel
461 551 667 630 Platonicae
686 547 955 643 sublimitatis;
989 567 1177 660 'quorum

129 666 336 742 exanimis
362 659 646 770 siquis'aurum,
693 679 910 765 argentum,
956 678 1073 770 atque
1101 663 1176 742 ha-

129 785 218 854 rum
246 797 372 852 rerum
398 797 506 849 curas
537 770 661 861 tollat,
708 771 808 848 nihil
837 770 955 850 fuerit
979 775 1178 881 reliquum
1272 849 1276 858 ,

129 902 265 994 praeter
297 883 452 971 fastum,
498 880 719 970 mollitiem,
760 879 915 978 luxum,
962 881 1174 976 lasciviam,

92 1023 99 1038 2
128 993 384 1082 insolentiam,
419 994 458 1069 dc
480 990 729 1097 imperitiam.
789 992 922 1099 Atque
955 993 1002 1070 ad
1019 991 1087 1072 ista
1109 995 1176 1072 ni-

129 1101 186 1182 hil
221 1104 393 1209 prorium
430 1117 527 1207 op'us
559 1117 607 1177 te.
681 1093 832 1178 Verbm
865 1104 1049 1208 quoniam
1082 1129 1177 1210 pro·

128 1211 281 1293 missam
292 1212 410 1292 habes
429 1210 604 1301 barbam,
647 1211 687 1289 dt
705 1207 818 1290 vultu
843 1213 1071 1318 grauitatem
1098 1240 1175 1321 pras

5 1353 8 1370 ·
129 1321 278 1415 refers,
318 1339 435 1431 atque
468 1321 693 1400 Graecanico
716 1319 836 1426 pallio
855 1322 1032 1402 decenter
1051 1325 1178 1404 amic·
1207 1377 1214 1386 ·

38 1505 39 1508 ,
126 1453 191 1514 tus
238 1459 291 1523 es,
347 1427 565 1540 norintque
610 1455 745 1510 omues
784 1448 822 1508 te
874 1435 1177 1540 grammaticum

126 1545 215 1639 effe,
244 1543 306 1622 vel
326 1542 533 1633 rhetorem,
563 1541 623 1619 vel
646 1539 935 1648 philosophum,
965 1543 1176 1651 pulchrum

128 1656 195 1736 ille
215 1655 295 1734 nbi
325 1643 460 1762 putat,'
496 1651 612 1731 talem
649 1651 844 1758 quendam
866 1654 945 1746 iis,
990 1656 1058 1762 qui
1104 1655 1176 1733 fibi

127 1783 315 1874 praeeunt,
359 1765 398 1842 br
432 1767 474 1842 in
494 1759 637 1870 pompa
666 1762 968 1856 antearnbulant,
1006 1764 1177 1873 'permis-

128 1875 220 1954 ceri.
272 1875 388 1954 Hine
406 1875 513 1954 enim
535 1872 727 1950 videbitur
757 1873 1067 1954 Graecanicarum
1097 1873 1177 1954 dis·

129 1982 572 2094 ciplinarum'studiosus,
601 1981 641 2059 dr
656 1983 696 2059 in
710 1981 876 2074 summai,
905 1983 1178 2066 ineruditione

129 2097 297 2202 elegans.
372 2096 522 2200 Itaque,
567 2091 626 2168 vir
651 2093 817 2198 egregie,
846 2093 998 2192 ¹viddris
1027 2122 1097 2204 pro
1123 2096 1176 2174 li·
1219 2141 1226 2152 ·

127 2210 218 2284 teris
256 2199 487 2302 admirandis
530 2200 690 2282 barbam
728 2203 767 2279 dc
800 2203 963 2310 pallium
999 2206 1177 2286 mercede

127 2313 316 2396 locavisse.
403 2311 569 2414 Proinde
603 2332 645 2390 ut
687 2312 871 2420 perpetub
914 2317 1015 2422 apud
1061 2317 1176 2394 illum

127 2427 370 2534 conspiciaris
390 2443 556 2533 oportet,
587 2449 657 2501 nec
677 2423 772 2502 absis
798 2451 985 2532 unquam,
1030 2427 1091 2525 sed
1112 2429 1175 2506 di·

127 2537 262 2616 luculo
294 2538 480 2616 excitatus
499 2538 539 2614 in
569 2533 765 2614 famulitio
783 2551 902 2614 temet
932 2536 1175 2644 conspicien-

128 2649 223 2727 dum
264 2648 443 2756 praebeas,
495 2673 566 2726 nec
599 2644 775 2723 ordinem
809 2641 982 2726 deseras..
1055 2647 1201 2727 Porrb·

127 2756 194 2837 ille
223 2785 499 2859 nonnunquam
530 2754 670 2860 injeua
700 2755 772 2833 tibi
804 2783 936 2848 manu,
985 2759 1174 2866 quicquid

52 2909 56 2914 ·
128 2868 168 2946 in
187 2889 356 2948 mentem
379 2867 568 2956 inciderit,
598 2865 641 2944 de
674 2891 710 2942 eo
740 2885 867 2945 tecum
891 2889 1068 2975 nugatur,
1098 2871 1173 2948 ob·

127 2979 199 3056 viis
218 2979 420 3068 ostentans,
453 2973 571 3082 quim
592 3001 639 3052 ne
657 3003 724 3082 per
749 2965 853 3054 ‘viam
886 2979 1043 3084 quidem
1062 2981 1172 3056 ince-

127 3091 220 3165 dens
235 3091 403 3166 incurius
423 3089 467 3164 fit
487 3088 698 3177 literarum,
728 3087 789 3163 sed
810 3089 935 3176 otium
956 3090 1060 3196 qnod
1081 3090 1171 3194 sup-

127 3201 239 3306 petit,
267 3201 365 3276 inter
393 3193 731 3274 ambulandumin
760 3195 1170 3278 rehnnestiscollocet.
1264 3233 1308 3298 j
1438 3235 1439 3242 ¹

21 3397 23 3400 ,
126 3313 182 3387 At
202 3325 244 3386 tu
268 3307 378 3386 miser
398 3333 501 3386 nunc
527 3307 680 3397 cursim,
710 3331 814 3386 nunc
832 3311 1035 3414 gradatim,
1063 3309 1177 3388 scan-⁴

124 3418 327 3524 srm'saepe
362 3419 400 3496 dr
444 3417 650 3496 descensrm
699 3417 808 3514 (nam
855 3419 924 3496 scis
949 3416 1171 3524 hujusmodi

124 3529 197 3608 ess'e
227 3523 380 3630 urbem)
428 3526 696 3615 obambulans,
727 3544 811 3604 tum
833 3526 953 3620 sudas,
995 3549 1079 3608 tum
1100 3555 1171 3626 an·¹

123 3637 243 3718 helas·
302 3637 530 3716 Eointerim
547 3636 654 3713 domi
672 3663 764 3714 cum
780 3639 906 3717 amico
926 3641 1109 3747 quopiam
1124 3641 1171 3719 ad

124 3775 243 3856 quem
265 3747 427 3838 acceffit,
457 3743 740 3850 confabulanre,
771 3742 861 3826 ciam
883 3776 930 3826 ne
952 3737 1058 3828 locu's
1079 3753 1171 3856 qui·

122 3861 213 3938 dem
237 3860 305 3960 tibi
323 3853 382 3950 fit,
411 3857 476 3936 ubi
495 3856 632 3947 sedeas,
662 3855 808 3936 librum
830 3861 869 3936 in
892 3885 1027 3936 manus
1042 3859 1170 3966 sump-

124 3965 224 4063 tu'm,
246 3969 391 4088 ne'scius
405 3968 497 4076 quid
512 3991 617 4076 agas,
633 3963 729 4046 staria
745 3967 853 4076 legis.
885 3969 1092 4079 Postquam
1105 3997 1168 4048 au·
1209 4009 1210 4018 κ

460 4117 461 4122 ’
1087 4097 1175 4158 tem'
