<?xml version="1.0" encoding="UTF-8"?>
<!DOCTYPE html PUBLIC "-//W3C//DTD XHTML 1.0 Transitional//EN"
    "http://www.w3.org/TR/xhtml1/DTD/xhtml1-transitional.dtd">
<html xmlns="http://www.w3.org/1999/xhtml" xml:lang="en" lang="en">
 <head>
  <title>
</title>
<meta http-equiv="Content-Type" content="text/html;charset=utf-8" />
  <meta name='ocr-system' content='tesseract 3.04.00' />
  <meta name='ocr-capabilities' content='ocr_page ocr_carea ocr_par ocr_line ocrx_word'/>
</head>
<body>
  <div class='ocr_page' id='page_1' title='image "./excerptaqudamex00lucigoog_0440.png"; bbox 0 0 2894 4720; ppageno 0'>
   <div class='ocr_carea' id='block_1_1' title="bbox 540 329 1086 412">
    <p class='ocr_par' dir='ltr' id='par_1_1' title="bbox 540 329 1086 412">
     <span class='ocr_line' id='line_1_1' title="bbox 540 329 1086 412; baseline 0.013 -7"><span class='ocrx_word' id='word_1_1' title='bbox 540 329 936 412; x_wconf 87' lang='lat' dir='ltr'><strong>LUCIANI</strong></span> <span class='ocrx_word' id='word_1_2' title='bbox 1039 355 1086 368; x_wconf 83' lang='grc'>’·</span> 
     </span>
    </p>
   </div>
   <div class='ocr_carea' id='block_1_2' title="bbox 52 465 1270 1128">
    <p class='ocr_par' dir='ltr' id='par_1_2' title="bbox 52 465 1269 574">
     <span class='ocr_line' id='line_1_2' title="bbox 52 465 1269 574; baseline -0.002 -23"><span class='ocrx_word' id='word_1_3' title='bbox 52 499 55 516; x_wconf 89' lang='grc'><em>·</em></span> <span class='ocrx_word' id='word_1_4' title='bbox 155 536 158 542; x_wconf 88' lang='grc'><strong>.</strong></span> <span class='ocrx_word' id='word_1_5' title='bbox 215 471 311 552; x_wconf 89' lang='lat' dir='ltr'>dum</span> <span class='ocrx_word' id='word_1_6' title='bbox 346 466 480 574; x_wconf 84' lang='lat' dir='ltr'>ingens</span> <span class='ocrx_word' id='word_1_7' title='bbox 519 465 586 558; x_wconf 88' lang='lat' dir='ltr'>est,</span> <span class='ocrx_word' id='word_1_8' title='bbox 635 483 720 546; x_wconf 90' lang='lat' dir='ltr'>tum</span> <span class='ocrx_word' id='word_1_9' title='bbox 752 493 773 542; x_wconf 87' lang='lat' dir='ltr'>e</span> <span class='ocrx_word' id='word_1_10' title='bbox 805 466 947 574; x_wconf 84' lang='lat' dir='ltr'>frigore</span> <span class='ocrx_word' id='word_1_11' title='bbox 985 468 1269 560; x_wconf 82' lang='lat' dir='ltr'>nondum,&#39;ut</span> 
     </span>
    </p>

    <p class='ocr_par' dir='ltr' id='par_1_3' title="bbox 216 576 1268 686">
     <span class='ocr_line' id='line_1_3' title="bbox 216 576 1268 686; baseline 0.001 -28"><span class='ocrx_word' id='word_1_12' title='bbox 216 579 346 658; x_wconf 78' lang='lat' dir='ltr'>afforet</span> <span class='ocrx_word' id='word_1_13' title='bbox 365 576 557 656; x_wconf 84' lang='lat' dir='ltr'>matutino</span> <span class='ocrx_word' id='word_1_14' title='bbox 577 596 765 684; x_wconf 88' lang='lat' dir='ltr'>tempore,</span> <span class='ocrx_word' id='word_1_15' title='bbox 795 605 858 654; x_wconf 92' lang='lat' dir='ltr'>me</span> <span class='ocrx_word' id='word_1_16' title='bbox 888 579 1104 670; x_wconf 80' lang='lat' dir='ltr'>mordente,</span> <span class='ocrx_word' id='word_1_17' title='bbox 1155 581 1268 686; x_wconf 86' lang='lat' dir='ltr'>(nam</span> 
     </span>
    </p>

    <p class='ocr_par' dir='ltr' id='par_1_4' title="bbox 148 685 1268 794">
     <span class='ocr_line' id='line_1_4' title="bbox 148 685 1268 794; baseline 0 -25"><span class='ocrx_word' id='word_1_18' title='bbox 148 723 154 742; x_wconf 84' lang='grc'><em>·</em></span> <span class='ocrx_word' id='word_1_19' title='bbox 214 691 291 770; x_wconf 91' lang='lat' dir='ltr'>hoc</span> <span class='ocrx_word' id='word_1_20' title='bbox 315 685 429 766; x_wconf 91' lang='lat' dir='ltr'>mihi</span> <span class='ocrx_word' id='word_1_21' title='bbox 480 687 729 766; x_wconf 74' lang='lat' dir='ltr'>certissimum</span> <span class='ocrx_word' id='word_1_22' title='bbox 764 687 819 765; x_wconf 89' lang='lat' dir='ltr'>est</span> <span class='ocrx_word' id='word_1_23' title='bbox 846 689 995 794; x_wconf 74' lang='lat' dir='ltr'>signum</span> <span class='ocrx_word' id='word_1_24' title='bbox 1026 690 1268 769; x_wconf 86' lang='lat' dir='ltr'>adventantis</span> 
     </span>
    </p>

    <p class='ocr_par' dir='ltr' id='par_1_5' title="bbox 216 796 1266 940">
     <span class='ocr_line' id='line_1_5' title="bbox 216 796 1266 940; baseline -0.001 -61"><span class='ocrx_word' id='word_1_25' title='bbox 216 796 312 901; x_wconf 86' lang='lat' dir='ltr'>diei)</span> <span class='ocrx_word' id='word_1_26' title='bbox 344 797 517 876; x_wconf 92' lang='lat' dir='ltr'>nondum</span> <span class='ocrx_word' id='word_1_27' title='bbox 546 799 672 876; x_wconf 90' lang='lat' dir='ltr'>media</span> <span class='ocrx_word' id='word_1_28' title='bbox 691 797 744 874; x_wconf 88' lang='lat' dir='ltr'>est</span> <span class='ocrx_word' id='word_1_29' title='bbox 763 824 860 888; x_wconf 85' lang='lat' dir='ltr'>nox,</span> <span class='ocrx_word' id='word_1_30' title='bbox 905 799 967 876; x_wconf 89' lang='lat' dir='ltr'>sed</span> <span class='ocrx_word' id='word_1_31' title='bbox 987 799 1054 876; x_wconf 88' lang='lat' dir='ltr'>iste</span> <span class='ocrx_word' id='word_1_32' title='bbox 1087 801 1266 940; x_wconf 84' lang='lat' dir='ltr'>pervigii,</span> 
     </span>
    </p>

    <p class='ocr_par' dir='ltr' id='par_1_6' title="bbox 111 907 1270 1128">
     <span class='ocr_line' id='line_1_6' title="bbox 111 907 1270 1042; baseline 0 -53"><span class='ocrx_word' id='word_1_33' title='bbox 111 923 121 957; x_wconf 48' lang='lat'>&#39;¹</span> <span class='ocrx_word' id='word_1_34' title='bbox 214 911 375 1042; x_wconf 86' lang='lat' dir='ltr'>perinde</span> <span class='ocrx_word' id='word_1_35' title='bbox 396 907 499 1014; x_wconf 79' lang='lat' dir='ltr'>quasa</span> <span class='ocrx_word' id='word_1_36' title='bbox 530 907 649 985; x_wconf 90' lang='lat' dir='ltr'>vellus</span> <span class='ocrx_word' id='word_1_37' title='bbox 665 908 761 986; x_wconf 89' lang='lat' dir='ltr'>illud</span> <span class='ocrx_word' id='word_1_38' title='bbox 777 935 944 987; x_wconf 85' lang='lat' dir='ltr'>aureum</span> <span class='ocrx_word' id='word_1_39' title='bbox 954 910 1089 1000; x_wconf 81' lang='lat' dir='ltr'>servet,</span> <span class='ocrx_word' id='word_1_40' title='bbox 1119 911 1270 1017; x_wconf 75' lang='lat' dir='ltr'>abipsa</span> 
     </span>
     <span class='ocr_line' id='line_1_7' title="bbox 190 1013 1268 1128; baseline 0 -30"><span class='ocrx_word' id='word_1_41' title='bbox 190 1093 194 1110; x_wconf 88' lang='grc'>,</span> <span class='ocrx_word' id='word_1_42' title='bbox 215 1013 391 1128; x_wconf 74' lang='lat' dir='ltr'>protinus</span> <span class='ocrx_word' id='word_1_43' title='bbox 413 1017 564 1125; x_wconf 86' lang='lat' dir='ltr'>vespera</span> <span class='ocrx_word' id='word_1_44' title='bbox 583 1016 780 1116; x_wconf 83' lang='lat' dir='ltr'>vociferari</span> <span class='ocrx_word' id='word_1_45' title='bbox 805 1020 938 1127; x_wconf 88' lang='lat' dir='ltr'>coepit,</span> <span class='ocrx_word' id='word_1_46' title='bbox 981 1015 1115 1098; x_wconf 76' lang='lat' dir='ltr'>veriam</span> <span class='ocrx_word' id='word_1_47' title='bbox 1134 1018 1268 1098; x_wconf 85' lang='lat' dir='ltr'>haud·</span> 
     </span>
    </p>
   </div>
   <div class='ocr_carea' id='block_1_3' title="bbox 215 1130 1269 1238">
    <p class='ocr_par' dir='ltr' id='par_1_7' title="bbox 215 1130 1269 1238">
     <span class='ocr_line' id='line_1_8' title="bbox 215 1130 1269 1238; baseline -0.001 -29"><span class='ocrx_word' id='word_1_48' title='bbox 215 1157 413 1238; x_wconf 87' lang='lat' dir='ltr'>quaquam</span> <span class='ocrx_word' id='word_1_49' title='bbox 444 1131 627 1233; x_wconf 88' lang='lat' dir='ltr'>impune,</span> <span class='ocrx_word' id='word_1_50' title='bbox 672 1130 861 1236; x_wconf 74' lang='lat' dir='ltr'>siquidem</span> <span class='ocrx_word' id='word_1_51' title='bbox 890 1149 984 1208; x_wconf 88' lang='lat' dir='ltr'>mox</span> <span class='ocrx_word' id='word_1_52' title='bbox 1005 1155 1134 1236; x_wconf 75' lang='lat' dir='ltr'>poenas</span> <span class='ocrx_word' id='word_1_53' title='bbox 1160 1131 1208 1208; x_wconf 87' lang='lat' dir='ltr'>de</span> <span class='ocrx_word' id='word_1_54' title='bbox 1227 1150 1269 1209; x_wconf 88' lang='lat' dir='ltr'>te</span> 
     </span>
    </p>
   </div>
   <div class='ocr_carea' id='block_1_4' title="bbox 30 1237 1268 1363">
    <p class='ocr_par' dir='ltr' id='par_1_8' title="bbox 30 1237 1268 1363">
     <span class='ocr_line' id='line_1_9' title="bbox 30 1237 1268 1363; baseline -0.003 -41"><span class='ocrx_word' id='word_1_55' title='bbox 30 1344 36 1363; x_wconf 86' lang='lat'><strong>.</strong></span> <span class='ocrx_word' id='word_1_56' title='bbox 87 1325 89 1331; x_wconf 74' lang='grc'>,</span> <span class='ocrx_word' id='word_1_57' title='bbox 215 1237 843 1330; x_wconf 66' lang='lat' dir='ltr'>sumamufuuecomminuam,</span> <span class='ocrx_word' id='word_1_58' title='bbox 884 1239 1268 1346; x_wconf 79' lang='lat' dir='ltr'>fidiluxeritrirodo,</span> 
     </span>
    </p>
   </div>
   <div class='ocr_carea' id='block_1_5' title="bbox 143 1323 1269 1790">
    <p class='ocr_par' dir='ltr' id='par_1_9' title="bbox 143 1323 1269 1790">
     <span class='ocr_line' id='line_1_10' title="bbox 143 1323 1267 1480; baseline -0.003 -48"><span class='ocrx_word' id='word_1_59' title='bbox 143 1385 148 1394; x_wconf 94' lang='lat'>·</span> <span class='ocrx_word' id='word_1_60' title='bbox 216 1380 309 1432; x_wconf 87' lang='lat' dir='ltr'>nam</span> <span class='ocrx_word' id='word_1_61' title='bbox 338 1377 441 1429; x_wconf 89' lang='lat' dir='ltr'>nunc</span> <span class='ocrx_word' id='word_1_62' title='bbox 462 1351 663 1480; x_wconf 87' lang='lat' dir='ltr'>negotium</span> <span class='ocrx_word' id='word_1_63' title='bbox 692 1348 790 1428; x_wconf 90' lang='lat' dir='ltr'>mihi</span> <span class='ocrx_word' id='word_1_64' title='bbox 816 1349 1048 1429; x_wconf 85' lang='lat' dir='ltr'>facefferes</span> <span class='ocrx_word' id='word_1_65' title='bbox 1038 1323 1267 1430; x_wconf 74' lang='lat' dir='ltr'>intenebris</span> 
     </span>
     <span class='ocr_line' id='line_1_11' title="bbox 217 1459 1268 1564; baseline -0.002 -22"><span class='ocrx_word' id='word_1_66' title='bbox 217 1461 474 1542; x_wconf 78' lang='lat' dir='ltr'>subsrliendo&#39;</span> <span class='ocrx_word' id='word_1_67' title='bbox 532 1461 653 1538; x_wconf 81' lang='lat' dir='ltr'><strong>GAL.</strong></span> <span class='ocrx_word' id='word_1_68' title='bbox 697 1459 804 1538; x_wconf 90' lang='lat' dir='ltr'>Here</span> <span class='ocrx_word' id='word_1_69' title='bbox 836 1459 1016 1564; x_wconf 85' lang='lat' dir='ltr'>Micyile,</span> <span class='ocrx_word' id='word_1_70' title='bbox 1059 1461 1268 1540; x_wconf 87' lang='lat' dir='ltr'>arbitrabar</span> 
     </span>
     <span class='ocr_line' id='line_1_12' title="bbox 217 1557 1267 1678; baseline -0.005 -25"><span class='ocrx_word' id='word_1_71' title='bbox 217 1600 283 1653; x_wconf 88' lang='lat' dir='ltr'>me</span> <span class='ocrx_word' id='word_1_72' title='bbox 316 1573 389 1650; x_wconf 89' lang='lat' dir='ltr'>tibi</span> <span class='ocrx_word' id='word_1_73' title='bbox 439 1597 519 1648; x_wconf 89' lang='lat' dir='ltr'>rem</span> <span class='ocrx_word' id='word_1_74' title='bbox 556 1589 705 1676; x_wconf 88' lang='lat' dir='ltr'>gratam</span> <span class='ocrx_word' id='word_1_75' title='bbox 738 1571 809 1650; x_wconf 83' lang='lat' dir='ltr'>esse</span> <span class='ocrx_word' id='word_1_76' title='bbox 834 1570 1074 1664; x_wconf 75' lang='lat' dir='ltr'>saduram,</span> <span class='ocrx_word' id='word_1_77' title='bbox 1096 1557 1267 1678; x_wconf 84' lang='lat' dir='ltr'>srquoad</span> 
     </span>
     <span class='ocr_line' id='line_1_13' title="bbox 218 1681 1269 1790; baseline -0.005 -26"><span class='ocrx_word' id='word_1_78' title='bbox 218 1681 364 1790; x_wconf 86' lang='lat' dir='ltr'>poffem</span> <span class='ocrx_word' id='word_1_79' title='bbox 407 1681 483 1758; x_wconf 88' lang='lat' dir='ltr'>alta</span> <span class='ocrx_word' id='word_1_80' title='bbox 525 1685 636 1760; x_wconf 73' lang='lat' dir='ltr'>nodie</span> <span class='ocrx_word' id='word_1_81' title='bbox 667 1682 809 1760; x_wconf 90' lang='lat' dir='ltr'>lucem</span> <span class='ocrx_word' id='word_1_82' title='bbox 847 1681 1138 1774; x_wconf 82' lang='lat' dir='ltr'>antevertissem,</span> <span class='ocrx_word' id='word_1_83' title='bbox 1185 1709 1269 1789; x_wconf 92' lang='lat' dir='ltr'>quo</span> 
     </span>
    </p>
   </div>
   <div class='ocr_carea' id='block_1_6' title="bbox 19 1771 1268 2010">
    <p class='ocr_par' dir='ltr' id='par_1_10' title="bbox 19 1771 1268 2010">
     <span class='ocr_line' id='line_1_14' title="bbox 21 1771 1267 1918; baseline -0.002 -45"><span class='ocrx_word' id='word_1_84' title='bbox 21 1894 25 1906; x_wconf 23' lang='grc' dir='ltr'><strong>ι</strong></span> <span class='ocrx_word' id='word_1_85' title='bbox 104 1861 110 1876; x_wconf 78' lang='grc'>,</span> <span class='ocrx_word' id='word_1_86' title='bbox 218 1793 339 1900; x_wconf 83' lang='lat' dir='ltr'>posses</span> <span class='ocrx_word' id='word_1_87' title='bbox 372 1811 458 1870; x_wconf 84' lang='lat' dir='ltr'>ante</span> <span class='ocrx_word' id='word_1_88' title='bbox 492 1771 711 1881; x_wconf 85' lang='lat' dir='ltr'>diluculum</span> <span class='ocrx_word' id='word_1_89' title='bbox 745 1794 899 1899; x_wconf 85' lang='lat' dir='ltr'>surgens</span> <span class='ocrx_word' id='word_1_90' title='bbox 930 1794 1101 1871; x_wconf 90' lang='lat' dir='ltr'>multum</span> <span class='ocrx_word' id='word_1_91' title='bbox 1139 1794 1267 1918; x_wconf 82' lang='lat' dir='ltr'>operis</span> 
     </span>
     <span class='ocr_line' id='line_1_15' title="bbox 19 1902 1268 2010; baseline 0 -30"><span class='ocrx_word' id='word_1_92' title='bbox 19 1915 43 1970; x_wconf 67' lang='lat' dir='ltr'><strong>J</strong></span> <span class='ocrx_word' id='word_1_93' title='bbox 116 1939 120 1944; x_wconf 90' lang='lat'>·</span> <span class='ocrx_word' id='word_1_94' title='bbox 218 1903 428 1995; x_wconf 83' lang='lat' dir='ltr'>conficere3</span> <span class='ocrx_word' id='word_1_95' title='bbox 475 1905 680 1993; x_wconf 85' lang='lat' dir='ltr'>fietenim,</span> <span class='ocrx_word' id='word_1_96' title='bbox 723 1902 944 2010; x_wconf 79' lang='lat' dir='ltr'>priusquam</span> <span class='ocrx_word' id='word_1_97' title='bbox 967 1903 1031 1981; x_wconf 83' lang='lat' dir='ltr'>Sol</span> <span class='ocrx_word' id='word_1_98' title='bbox 1062 1905 1268 2000; x_wconf 80' lang='lat' dir='ltr'>exoriatur,</span> 
     </span>
    </p>
   </div>
   <div class='ocr_carea' id='block_1_7' title="bbox 144 2011 1271 2785">
    <p class='ocr_par' dir='ltr' id='par_1_11' title="bbox 144 2011 1271 2785">
     <span class='ocr_line' id='line_1_16' title="bbox 144 2011 1269 2121; baseline 0.002 -32"><span class='ocrx_word' id='word_1_99' title='bbox 144 2066 146 2070; x_wconf 92' lang='lat'>-</span> <span class='ocrx_word' id='word_1_100' title='bbox 219 2014 280 2090; x_wconf 88' lang='lat' dir='ltr'>vel</span> <span class='ocrx_word' id='word_1_101' title='bbox 308 2015 463 2090; x_wconf 86' lang='lat' dir='ltr'>unicam</span> <span class='ocrx_word' id='word_1_102' title='bbox 496 2011 630 2090; x_wconf 88' lang='lat' dir='ltr'>seceris</span> <span class='ocrx_word' id='word_1_103' title='bbox 660 2013 870 2118; x_wconf 86' lang='lat' dir='ltr'>crepidam,</span> <span class='ocrx_word' id='word_1_104' title='bbox 917 2033 1071 2093; x_wconf 83' lang='lat' dir='ltr'>eatenus</span> <span class='ocrx_word' id='word_1_105' title='bbox 1092 2014 1269 2121; x_wconf 82' lang='lat' dir='ltr'>progres-</span> 
     </span>
     <span class='ocr_line' id='line_1_17' title="bbox 145 2115 1269 2230; baseline 0.001 -27"><span class='ocrx_word' id='word_1_106' title='bbox 145 2195 150 2210; x_wconf 83' lang='grc'>,</span> <span class='ocrx_word' id='word_1_107' title='bbox 220 2121 281 2204; x_wconf 85' lang='lat' dir='ltr'>sus</span> <span class='ocrx_word' id='word_1_108' title='bbox 308 2115 482 2200; x_wconf 75' lang='lat' dir='ltr'>fueritin</span> <span class='ocrx_word' id='word_1_109' title='bbox 504 2123 670 2229; x_wconf 86' lang='lat' dir='ltr'>parando</span> <span class='ocrx_word' id='word_1_110' title='bbox 688 2127 811 2201; x_wconf 72' lang='lat' dir='ltr'>vidia:</span> <span class='ocrx_word' id='word_1_111' title='bbox 860 2125 963 2230; x_wconf 89' lang='lat' dir='ltr'>quod</span> <span class='ocrx_word' id='word_1_112' title='bbox 995 2126 1112 2204; x_wconf 87' lang='lat' dir='ltr'>fitibi</span> <span class='ocrx_word' id='word_1_113' title='bbox 1143 2123 1269 2230; x_wconf 84' lang='lat' dir='ltr'>magis</span> 
     </span>
     <span class='ocr_line' id='line_1_18' title="bbox 156 2231 1269 2342; baseline -0.001 -29"><span class='ocrx_word' id='word_1_114' title='bbox 156 2243 163 2254; x_wconf 74' lang='grc'><strong>“</strong></span> <span class='ocrx_word' id='word_1_115' title='bbox 220 2233 317 2314; x_wconf 81' lang='lat' dir='ltr'>hbet</span> <span class='ocrx_word' id='word_1_116' title='bbox 336 2233 517 2323; x_wconf 76' lang='lat' dir='ltr'>dormire,</span> <span class='ocrx_word' id='word_1_117' title='bbox 553 2259 626 2340; x_wconf 79' lang='lat' dir='ltr'>ego</span> <span class='ocrx_word' id='word_1_118' title='bbox 646 2231 805 2339; x_wconf 79' lang='lat' dir='ltr'>quidem</span> <span class='ocrx_word' id='word_1_119' title='bbox 839 2235 1047 2342; x_wconf 85' lang='lat' dir='ltr'>quiescam,</span> <span class='ocrx_word' id='word_1_120' title='bbox 1093 2231 1269 2340; x_wconf 69' lang='lat' dir='ltr'>&amp;longe</span> 
     </span>
     <span class='ocr_line' id='line_1_19' title="bbox 220 2341 1270 2452; baseline 0.002 -30"><span class='ocrx_word' id='word_1_121' title='bbox 220 2346 345 2452; x_wconf 86' lang='lat' dir='ltr'>magis</span> <span class='ocrx_word' id='word_1_122' title='bbox 364 2368 480 2452; x_wconf 90' lang='lat' dir='ltr'>quam</span> <span class='ocrx_word' id='word_1_123' title='bbox 509 2343 627 2452; x_wconf 85' lang='lat' dir='ltr'>pisces</span> <span class='ocrx_word' id='word_1_124' title='bbox 658 2365 789 2422; x_wconf 85' lang='lat' dir='ltr'>mutus</span> <span class='ocrx_word' id='word_1_125' title='bbox 819 2373 897 2429; x_wconf 85' lang='lat' dir='ltr'>ero.</span> <span class='ocrx_word' id='word_1_126' title='bbox 955 2341 1150 2426; x_wconf 76' lang='lat' dir='ltr'>Caeterirm</span> <span class='ocrx_word' id='word_1_127' title='bbox 1183 2364 1270 2424; x_wconf 82' lang='lat' dir='ltr'>tute</span> 
     </span>
     <span class='ocr_line' id='line_1_20' title="bbox 220 2455 1269 2562; baseline 0 -30"><span class='ocrx_word' id='word_1_128' title='bbox 220 2458 364 2546; x_wconf 86' lang='lat' dir='ltr'>videtu,</span> <span class='ocrx_word' id='word_1_129' title='bbox 412 2483 460 2532; x_wconf 88' lang='lat' dir='ltr'>ne</span> <span class='ocrx_word' id='word_1_130' title='bbox 490 2481 557 2562; x_wconf 86' lang='lat' dir='ltr'>per</span> <span class='ocrx_word' id='word_1_131' title='bbox 582 2456 775 2550; x_wconf 83' lang='lat' dir='ltr'>somnium</span> <span class='ocrx_word' id='word_1_132' title='bbox 802 2457 913 2534; x_wconf 87' lang='lat' dir='ltr'>dives</span> <span class='ocrx_word' id='word_1_133' title='bbox 949 2457 1086 2549; x_wconf 67' lang='lat' dir='ltr'>sacius,</span> <span class='ocrx_word' id='word_1_134' title='bbox 1130 2455 1269 2534; x_wconf 85' lang='lat' dir='ltr'>esurias</span> 
     </span>
     <span class='ocr_line' id='line_1_21' title="bbox 221 2565 1271 2674; baseline 0.003 -29"><span class='ocrx_word' id='word_1_135' title='bbox 221 2567 476 2674; x_wconf 70' lang='lat' dir='ltr'>experrectus.</span> <span class='ocrx_word' id='word_1_136' title='bbox 545 2565 721 2644; x_wconf 76' lang='lat' dir='ltr'><strong>M1C&#39;YL.</strong></span> <span class='ocrx_word' id='word_1_137' title='bbox 754 2568 792 2642; x_wconf 94' lang='lat' dir='ltr'>O</span> <span class='ocrx_word' id='word_1_138' title='bbox 824 2566 1084 2673; x_wconf 89' lang='lat' dir='ltr'>prodigiorum</span> <span class='ocrx_word' id='word_1_139' title='bbox 1121 2568 1271 2648; x_wconf 79' lang='lat' dir='ltr'>aversor</span> 
     </span>
     <span class='ocr_line' id='line_1_22' title="bbox 220 2675 1269 2785; baseline -0.002 -30"><span class='ocrx_word' id='word_1_140' title='bbox 220 2677 391 2785; x_wconf 87' lang='lat' dir='ltr'>Jupiter!</span> <span class='ocrx_word' id='word_1_141' title='bbox 441 2675 677 2754; x_wconf 81' lang='lat' dir='ltr'>dmalorum</span> <span class='ocrx_word' id='word_1_142' title='bbox 712 2675 889 2784; x_wconf 85' lang='lat' dir='ltr'>depulsor</span> <span class='ocrx_word' id='word_1_143' title='bbox 924 2676 1129 2756; x_wconf 88' lang='lat' dir='ltr'>Hercules!</span> <span class='ocrx_word' id='word_1_144' title='bbox 1174 2677 1269 2782; x_wconf 92' lang='lat' dir='ltr'>quid</span> 
     </span>
    </p>
   </div>
   <div class='ocr_carea' id='block_1_8' title="bbox 99 2787 1270 2876">
    <p class='ocr_par' dir='ltr' id='par_1_12' title="bbox 99 2787 1270 2876">
     <span class='ocr_line' id='line_1_23' title="bbox 99 2787 1270 2876; baseline -0.003 -6"><span class='ocrx_word' id='word_1_145' title='bbox 99 2862 102 2870; x_wconf 91' lang='lat'><strong>.</strong></span> <span class='ocrx_word' id='word_1_146' title='bbox 219 2787 297 2876; x_wconf 86' lang='lat' dir='ltr'>hoc</span> <span class='ocrx_word' id='word_1_147' title='bbox 325 2787 417 2866; x_wconf 85' lang='lat' dir='ltr'>mali</span> <span class='ocrx_word' id='word_1_148' title='bbox 449 2787 525 2862; x_wconf 83' lang='lat' dir='ltr'>est?</span> <span class='ocrx_word' id='word_1_149' title='bbox 550 2787 552 2792; x_wconf 78' lang='grc'><strong>’</strong></span> <span class='ocrx_word' id='word_1_150' title='bbox 575 2813 707 2864; x_wconf 90' lang='lat' dir='ltr'>vocem</span> <span class='ocrx_word' id='word_1_151' title='bbox 728 2787 938 2870; x_wconf 82' lang='lat' dir='ltr'>humanam</span> <span class='ocrx_word' id='word_1_152' title='bbox 958 2789 1086 2871; x_wconf 76' lang='lat' dir='ltr'>sonuit,</span> <span class='ocrx_word' id='word_1_153' title='bbox 1113 2789 1270 2866; x_wconf 65' lang='lat' dir='ltr'>Gaison</span> 
     </span>
    </p>
   </div>
   <div class='ocr_carea' id='block_1_9' title="bbox 220 2895 1271 3318">
    <p class='ocr_par' dir='ltr' id='par_1_13' title="bbox 220 2895 1271 3317">
     <span class='ocr_line' id='line_1_24' title="bbox 222 2895 1269 3002; baseline -0.004 -24"><span class='ocrx_word' id='word_1_154' title='bbox 222 2900 344 2978; x_wconf 89' lang='lat' dir='ltr'><strong>GAL.</strong></span> <span class='ocrx_word' id='word_1_155' title='bbox 374 2897 492 2974; x_wconf 88' lang='lat' dir='ltr'>Itane</span> <span class='ocrx_word' id='word_1_156' title='bbox 506 2895 594 2976; x_wconf 77' lang='lat' dir='ltr'>veri)</span> <span class='ocrx_word' id='word_1_157' title='bbox 613 2895 689 2974; x_wconf 92' lang='lat' dir='ltr'>hoc</span> <span class='ocrx_word' id='word_1_158' title='bbox 710 2898 930 3002; x_wconf 87' lang='lat' dir='ltr'>prodigium</span> <span class='ocrx_word' id='word_1_159' title='bbox 959 2899 1032 2975; x_wconf 85' lang='lat' dir='ltr'>ribi</span> <span class='ocrx_word' id='word_1_160' title='bbox 1064 2897 1136 2976; x_wconf 81' lang='lat' dir='ltr'>effe</span> <span class='ocrx_word' id='word_1_161' title='bbox 1156 2899 1269 2975; x_wconf 92' lang='lat' dir='ltr'>vide·</span> 
     </span>
     <span class='ocr_line' id='line_1_25' title="bbox 220 3007 1268 3131; baseline 0.001 -47"><span class='ocrx_word' id='word_1_162' title='bbox 220 3030 297 3102; x_wconf 86' lang='lat' dir='ltr'>tur,</span> <span class='ocrx_word' id='word_1_163' title='bbox 316 3036 379 3085; x_wconf 88' lang='lat' dir='ltr'>me</span> <span class='ocrx_word' id='word_1_164' title='bbox 398 3007 546 3131; x_wconf 81' lang='lat' dir='ltr'>eddem,</span> <span class='ocrx_word' id='word_1_165' title='bbox 568 3007 733 3113; x_wconf 72' lang='lat' dir='ltr'>quivos,</span> <span class='ocrx_word' id='word_1_166' title='bbox 755 3007 887 3113; x_wconf 83' lang='lat' dir='ltr'>lingua</span> <span class='ocrx_word' id='word_1_167' title='bbox 905 3008 1037 3116; x_wconf 87' lang='lat' dir='ltr'>loqui?</span> <span class='ocrx_word' id='word_1_168' title='bbox 1083 3009 1268 3087; x_wconf 71' lang='lat' dir='ltr'>Mronr.</span> 
     </span>
     <span class='ocr_line' id='line_1_26' title="bbox 222 3115 1271 3242; baseline 0 -46"><span class='ocrx_word' id='word_1_169' title='bbox 222 3117 433 3242; x_wconf 78' lang='lat' dir='ltr'>Quomodo</span> <span class='ocrx_word' id='word_1_170' title='bbox 462 3118 568 3196; x_wconf 87' lang='lat' dir='ltr'>enim</span> <span class='ocrx_word' id='word_1_171' title='bbox 602 3117 676 3195; x_wconf 89' lang='lat' dir='ltr'>hoc</span> <span class='ocrx_word' id='word_1_172' title='bbox 720 3145 796 3194; x_wconf 90' lang='lat' dir='ltr'>non</span> <span class='ocrx_word' id='word_1_173' title='bbox 826 3119 871 3196; x_wconf 82' lang='lat' dir='ltr'>srt</span> <span class='ocrx_word' id='word_1_174' title='bbox 911 3115 1153 3226; x_wconf 86' lang='lat' dir='ltr'>prodigium?</span> <span class='ocrx_word' id='word_1_175' title='bbox 1202 3119 1271 3196; x_wconf 88' lang='lat' dir='ltr'>sed</span> 
     </span>
     <span class='ocr_line' id='line_1_27' title="bbox 221 3216 1271 3318; baseline 0.001 -12"><span class='ocrx_word' id='word_1_176' title='bbox 221 3230 391 3318; x_wconf 86' lang='lat' dir='ltr'>avertite,</span> <span class='ocrx_word' id='word_1_177' title='bbox 412 3228 495 3317; x_wconf 93' lang='lat' dir='ltr'>Dii,</span> <span class='ocrx_word' id='word_1_178' title='bbox 526 3229 671 3305; x_wconf 88' lang='lat' dir='ltr'>malum</span> <span class='ocrx_word' id='word_1_179' title='bbox 693 3229 815 3306; x_wconf 88' lang='lat' dir='ltr'>nobis.</span> <span class='ocrx_word' id='word_1_180' title='bbox 875 3233 996 3308; x_wconf 89' lang='lat' dir='ltr'><strong>GAL.</strong></span> <span class='ocrx_word' id='word_1_181' title='bbox 1027 3233 1081 3308; x_wconf 87' lang='lat' dir='ltr'>At</span> <span class='ocrx_word' id='word_1_182' title='bbox 1097 3249 1143 3306; x_wconf 92' lang='lat' dir='ltr'>tu</span> <span class='ocrx_word' id='word_1_183' title='bbox 1165 3216 1271 3308; x_wconf 81' lang='lat' dir='ltr'>mihi</span> 
     </span>
    </p>
   </div>
   <div class='ocr_carea' id='block_1_10' title="bbox 84 3337 1272 3447">
    <p class='ocr_par' dir='ltr' id='par_1_14' title="bbox 84 3337 1272 3447">
     <span class='ocr_line' id='line_1_28' title="bbox 84 3337 1272 3447; baseline 0.005 -35"><span class='ocrx_word' id='word_1_184' title='bbox 84 3356 105 3373; x_wconf 79' lang='grc'>”</span> <span class='ocrx_word' id='word_1_185' title='bbox 219 3338 360 3416; x_wconf 80' lang='lat' dir='ltr'>videris</span> <span class='ocrx_word' id='word_1_186' title='bbox 391 3337 600 3416; x_wconf 91' lang='lat' dir='ltr'>admodum</span> <span class='ocrx_word' id='word_1_187' title='bbox 624 3341 719 3415; x_wconf 83' lang='lat' dir='ltr'>riir</span> <span class='ocrx_word' id='word_1_188' title='bbox 685 3359 821 3416; x_wconf 83' lang='lat' dir='ltr'>arus</span> <span class='ocrx_word' id='word_1_189' title='bbox 842 3340 927 3431; x_wconf 80' lang='lat' dir='ltr'>esse,</span> <span class='ocrx_word' id='word_1_190' title='bbox 972 3340 1149 3447; x_wconf 86' lang='lat' dir='ltr'>Micylle,</span> <span class='ocrx_word' id='word_1_191' title='bbox 1195 3367 1272 3419; x_wconf 90' lang='lat' dir='ltr'>nec</span> 
     </span>
    </p>
   </div>
   <div class='ocr_carea' id='block_1_11' title="bbox 163 3447 1275 3888">
    <p class='ocr_par' dir='ltr' id='par_1_15' title="bbox 220 3447 1275 3774">
     <span class='ocr_line' id='line_1_29' title="bbox 220 3447 1268 3570; baseline -0.001 -40"><span class='ocrx_word' id='word_1_192' title='bbox 220 3449 388 3548; x_wconf 84' lang='lat' dir='ltr'>Homeri</span> <span class='ocrx_word' id='word_1_193' title='bbox 421 3469 626 3570; x_wconf 87' lang='lat' dir='ltr'>poemata</span> <span class='ocrx_word' id='word_1_194' title='bbox 630 3449 830 3556; x_wconf 79' lang='lat' dir='ltr'>legisse,</span> <span class='ocrx_word' id='word_1_195' title='bbox 820 3478 857 3527; x_wconf 87' lang='lat' dir='ltr'>rn</span> <span class='ocrx_word' id='word_1_196' title='bbox 898 3453 1038 3558; x_wconf 87' lang='lat' dir='ltr'>&#39;quibus</span> <span class='ocrx_word' id='word_1_197' title='bbox 1083 3447 1268 3529; x_wconf 74' lang='lat' dir='ltr'>Xanthos</span> 
     </span>
     <span class='ocr_line' id='line_1_30' title="bbox 221 3557 1275 3682; baseline -0.001 -43"><span class='ocrx_word' id='word_1_198' title='bbox 221 3559 388 3639; x_wconf 85' lang='lat' dir='ltr'>Achillis</span> <span class='ocrx_word' id='word_1_199' title='bbox 407 3584 542 3682; x_wconf 81' lang='lat' dir='ltr'>equus,</span> <span class='ocrx_word' id='word_1_200' title='bbox 573 3587 663 3638; x_wconf 89' lang='lat' dir='ltr'>cum</span> <span class='ocrx_word' id='word_1_201' title='bbox 695 3557 864 3638; x_wconf 88' lang='lat' dir='ltr'>hinnitui</span> <span class='ocrx_word' id='word_1_202' title='bbox 880 3561 1042 3667; x_wconf 90' lang='lat' dir='ltr'>longum</span> <span class='ocrx_word' id='word_1_203' title='bbox 1064 3562 1146 3638; x_wconf 84' lang='lat' dir='ltr'>vale</span> <span class='ocrx_word' id='word_1_204' title='bbox 1175 3562 1275 3638; x_wconf 83' lang='lat' dir='ltr'>dix·-</span> 
     </span>
     <span class='ocr_line' id='line_1_31' title="bbox 220 3625 1269 3774; baseline 0 -26"><span class='ocrx_word' id='word_1_205' title='bbox 220 3671 316 3764; x_wconf 82' lang='lat' dir='ltr'>isset,</span> <span class='ocrx_word' id='word_1_206' title='bbox 347 3669 503 3751; x_wconf 87' lang='lat' dir='ltr'>medio</span> <span class='ocrx_word' id='word_1_207' title='bbox 493 3696 531 3746; x_wconf 88' lang='lat' dir='ltr'>m</span> <span class='ocrx_word' id='word_1_208' title='bbox 553 3671 683 3774; x_wconf 85' lang='lat' dir='ltr'>praelio</span> <span class='ocrx_word' id='word_1_209' title='bbox 707 3671 875 3748; x_wconf 87' lang='lat' dir='ltr'>constitit</span> <span class='ocrx_word' id='word_1_210' title='bbox 893 3625 1083 3762; x_wconf 78' lang='lat' dir='ltr'>disserens,</span> <span class='ocrx_word' id='word_1_211' title='bbox 1117 3672 1157 3748; x_wconf 75' lang='lat' dir='ltr'>dc</span> <span class='ocrx_word' id='word_1_212' title='bbox 1178 3698 1269 3748; x_wconf 89' lang='lat' dir='ltr'>ver-</span> 
     </span>
    </p>

    <p class='ocr_par' dir='ltr' id='par_1_16' title="bbox 163 3781 1270 3888">
     <span class='ocr_line' id='line_1_32' title="bbox 163 3781 1270 3888; baseline 0.003 -29"><span class='ocrx_word' id='word_1_213' title='bbox 163 3859 165 3866; x_wconf 78' lang='grc'>,</span> <span class='ocrx_word' id='word_1_214' title='bbox 220 3783 325 3888; x_wconf 75' lang='lat' dir='ltr'>sua</span> <span class='ocrx_word' id='word_1_215' title='bbox 315 3802 482 3886; x_wconf 80' lang='lat' dir='ltr'>integros</span> <span class='ocrx_word' id='word_1_216' title='bbox 511 3781 686 3870; x_wconf 84' lang='lat' dir='ltr'>recitans,</span> <span class='ocrx_word' id='word_1_217' title='bbox 731 3807 807 3858; x_wconf 89' lang='lat' dir='ltr'>non</span> <span class='ocrx_word' id='word_1_218' title='bbox 839 3802 882 3858; x_wconf 90' lang='lat' dir='ltr'>ut</span> <span class='ocrx_word' id='word_1_219' title='bbox 911 3811 982 3888; x_wconf 87' lang='lat' dir='ltr'>ego</span> <span class='ocrx_word' id='word_1_220' title='bbox 1016 3791 1119 3860; x_wconf 81' lang='lat' dir='ltr'>nun&#39;c</span> <span class='ocrx_word' id='word_1_221' title='bbox 1152 3785 1270 3886; x_wconf 82' lang='lat' dir='ltr'>prosa</span> 
     </span>
    </p>
   </div>
   <div class='ocr_carea' id='block_1_12' title="bbox 47 3882 1309 4117">
    <p class='ocr_par' dir='ltr' id='par_1_17' title="bbox 47 3882 1309 4117">
     <span class='ocr_line' id='line_1_33' title="bbox 47 3882 1268 3996; baseline 0 -28"><span class='ocrx_word' id='word_1_222' title='bbox 47 3882 49 3890; x_wconf 52' lang='lat'><em>&#39;</em></span> <span class='ocrx_word' id='word_1_223' title='bbox 175 3967 181 3984; x_wconf 74' lang='grc'><strong>,</strong></span> <span class='ocrx_word' id='word_1_224' title='bbox 222 3897 393 3986; x_wconf 84' lang='lat' dir='ltr'>oratione</span> <span class='ocrx_word' id='word_1_225' title='bbox 410 3892 588 3996; x_wconf 74' lang='lat' dir='ltr'>loquens,</span> <span class='ocrx_word' id='word_1_226' title='bbox 638 3891 867 3994; x_wconf 87' lang='lat' dir='ltr'>quinetiam</span> <span class='ocrx_word' id='word_1_227' title='bbox 890 3893 1166 3970; x_wconf 86' lang='lat' dir='ltr'>vaticinabatur</span> <span class='ocrx_word' id='word_1_228' title='bbox 1183 3892 1268 3985; x_wconf 87' lang='lat' dir='ltr'>iile,</span> 
     </span>
     <span class='ocr_line' id='line_1_34' title="bbox 90 3998 1309 4117; baseline -0.005 -31"><span class='ocrx_word' id='word_1_229' title='bbox 90 4079 92 4086; x_wconf 83' lang='grc'>.</span> <span class='ocrx_word' id='word_1_230' title='bbox 220 3998 345 4117; x_wconf 82' lang='lat' dir='ltr'>de&#39;que</span> <span class='ocrx_word' id='word_1_231' title='bbox 387 4001 534 4088; x_wconf 69' lang='lat' dir='ltr'>suturis</span> <span class='ocrx_word' id='word_1_232' title='bbox 577 4000 713 4080; x_wconf 84' lang='lat' dir='ltr'>edebat</span> <span class='ocrx_word' id='word_1_233' title='bbox 759 4005 922 4096; x_wconf 81' lang='lat' dir='ltr'>oracula,</span> <span class='ocrx_word' id='word_1_234' title='bbox 976 4021 1101 4110; x_wconf 77' lang='lat' dir='ltr'>neque</span> <span class='ocrx_word' id='word_1_235' title='bbox 1149 4004 1267 4108; x_wconf 88' lang='lat' dir='ltr'>quic·</span> <span class='ocrx_word' id='word_1_236' title='bbox 1304 4095 1309 4100; x_wconf 10' lang='grc' dir='ltr'><strong>ᾖ</strong></span> 
     </span>
    </p>
   </div>
   <div class='ocr_carea' id='block_1_13' title="bbox 1143 4140 1268 4223">
    <p class='ocr_par' dir='ltr' id='par_1_18' title="bbox 1143 4140 1268 4223">
     <span class='ocr_line' id='line_1_35' title="bbox 1143 4140 1268 4223; baseline 0.056 -35"><span class='ocrx_word' id='word_1_237' title='bbox 1143 4140 1268 4223; x_wconf 81' lang='lat' dir='ltr'>quam</span> 
     </span>
    </p>
   </div>
   <div class='ocr_carea' id='block_1_14' title="bbox 0 0 1456 4720">
    <p class='ocr_par' dir='ltr' id='par_1_19' title="bbox 0 0 1456 4720">
     <span class='ocr_line' id='line_1_36' title="bbox 0 0 1456 4720; baseline 0 0"><span class='ocrx_word' id='word_1_238' title='bbox 0 0 1456 4720; x_wconf 95' lang='lat' dir='ltr'> </span> 
     </span>
    </p>
   </div>
  </div>
 </body>
</html>
