2894 4720
179 267 258 348 ,p
475 152 906 322 nuc1au1

129 373 241 452 vel
282 389 354 450 tres
395 373 524 450 nolles
575 386 775 478 perpetuas
831 370 995 450 libenter
1032 333 1221 466 uiderem?

183 487 304 566 Gna
332 477 493 567 Adeone
523 506 563 558 es
595 483 675 558 auri
710 465 900 590 cupidus,
921 481 958 558 bc
987 501 1109 588 opum
1139 485 1228 560 avi«

183 596 268 682 dus,
299 591 499 718 Micylle?
529 590 646 698 idque
679 591 802 670 solum
835 594 945 670 omni
985 591 1104 670 modo
1151 593 1221 670 ad·

132 773 136 780 .
185 704 338 784 miraris
370 702 453 778 &⁶
442 729 482 780 m
514 703 639 780 multo
660 727 751 780 auro
781 700 1002 809 poffidendo
1020 703 1130 780 fitam
1144 701 1219 788 effe

184 813 410 894 felicitatem
426 811 606 938 judicas?
663 811 841 904 MrcYa.
862 811 957 890 Nou
977 839 1050 920 ego
1070 812 1183 906 solus,
1196 809 1228 894 d.

145 959 147 970 ·
184 923 455 1031 Pythagora,
445 940 499 1000 ata
522 918 678 1026 judirco
710 920 771 1000 sed
809 924 848 1000 se
884 921 962 1028 ipse
999 944 1099 1013 turn,
1128 949 1224 1002 cum
1320 1013 1324 1020 Ι

92 1126 94 1134 1
184 1031 421 1142 Euphorbus
465 1030 567 1124 effes,
607 1059 698 1110 auro
743 1051 857 1140 atque
890 1051 1050 1140 argento
1097 1034 1222 1110 comis

115 1144 133 1198 '·
184 1148 334 1226 intexto
367 1141 544 1250 prodibas
565 1161 812 1252 pugnaturus
832 1171 924 1222 cum
957 1140 1129 1234 Achivis,
1157 1143 1223 1220 id·
1233 1194 1236 1201 ·

188 1256 336 1362 quein
365 1253 483 1344 bellu,
514 1251 759 1343 ubiferrum,
789 1279 908 1361 quam
938 1276 1074 1332 aurum
1106 1253 1225 1356 gesta-

188 1394 228 1452 re
247 1364 359 1444 satius
379 1383 477 1446 erat·
505 1363 632 1490 Tu,
617 1392 785 1490 anquam,
809 1365 849 1440 id
868 1365 1052 1490 temporis
1072 1361 1226 1441 voluisti

190 1504 282 1562 auro
315 1476 502 1554 revinctos
537 1475 736 1552 cincinnos
773 1473 956 1554 habens
946 1501 986 1552 aa
1008 1473 1226 1580 periculum

190 1586 438 1674 descendere,
479 1601 595 1692 atque
631 1584 683 1662 ob
721 1607 818 1664 earn
849 1579 1021 1692 (opinor)
1061 1581 1226 1664 caulium

190 1699 387 1786 Homerus
403 1720 533 1774 comas
553 1711 636 1774 tuas
652 1695 798 1774 Gratiis
818 1693 958 1774 fimiles
978 1692 1097 1822 dixit,
1119 1691 1227 1820 qubd

191 1834 282 1893 auro
299 1825 530 1912 argentoque
559 1805 854 1900 revincirentur,
884 1801 999 1912 longe
1027 1805 1130 1882 enim
1163 1801 1227 1881 ni-.

98 1959 102 1971 ·
192 1921 335 1998 mirum
365 1915 553 2007 meliores,
583 1933 699 2022 atque
724 1915 964 2048 amabiliores
985 1915 1231 2008 videbantur,

192 2025 741 2133 qubdeffentaurorcligatae,
772 2021 923 2132 unalque
952 2053 1044 2105 cum
1082 2053 1127 2103 eo
1165 2051 1227 2104 re·
1242 2046 1248 2058 “

161 2139 375 2248 [lucerent.
433 2136 683 2240 Qanquam,
719 2136 942 2230 Auricome,
973 2132 1167 2218 moderate
1186 2153 1226 2212 te

194 2247 367 2374 gerebas,
395 2246 499 2352 quod
530 2271 626 2338 cum
648 2243 790 2324 Panthi
825 2245 914 2325 elles
944 2245 1061 2338 filius,
1092 2271 1229 2326 aurum
1290 2238 1292 2244 ’

194 2361 236 2442 in
272 2359 395 2466 pretio
426 2355 611 2435 habuisti.
642 2359 791 2436 nam&
820 2357 896 2464 ipse
916 2358 1074 2436 deorum
1096 2357 1226 2436 omni-

195 2496 263 2548 um
291 2465 573 2602 hominumque
598 2485 717 2576 pater,
745 2467 812 2546 ille
843 2471 1004 2548 Saturno
1039 2467 1231 2574 Rheaque

71 2587 74 2595 '
196 2579 439 2688 progenitus,
468 2573 559 2659 clim
597 2579 821 2686 Argolicam
842 2579 948 2659 illam
970 2579 1137 2688 puellam
1158 2579 1228 2656 ad

196 2709 353 2781 amaret,
392 2687 612 2796 nihilque
601 2689 788 2786 inveniret
825 2691 1070 2768 amabilius
1060 2717 1098 2768 m
1124 2687 1230 2794 qood

183 2799 256 2880 'se
280 2799 580 2892 transformaret,
611 2827 735 2907 neque
768 2827 872 2907 quo
880 2801 1015 2880 Acrifii
1042 2797 1230 2880 custodias

196 2911 315 3016 pollet
352 2935 609 3018 corrumpere,
639 2906 774 2989 audisti
812 2929 855 2990 ut
874 2938 1008 3012 aurum
1022 2897 1148 2989 ladius
1168 2909 1230 3004 ht,

198 3043 319 3128 utque
344 3021 401 3098 ita
434 3048 501 3128 per
527 3013 682 3126 tegulas·
709 3020 862 3129 illapsus
903 3023 1046 3135 potitus
1080 3021 1133 3099 est
1170 3018 1229 3112 ea,

106 3181 109 3188 -
198 3159 315 3235 quam
350 3132 577 3235 deperiebat.
646 3133 752 3236 Qid
796 3133 913 3238 igitur
947 3143 1136 3239 praterea
1157 3131 1232 3208 tibi

197 3267 518 3332 commemorem,
549 3269 666 3348 quam
686 3241 827 3320 multos
863 3244 948 3321 usus
969 3245 1133 3350 praebeat
1158 3269 1231 3318 au·
1267 3277 1269 3282 v

189 3349 380 3432 ‚rum?&
415 3371 457 3430 ut
489 3378 566 3444 eos,
597 3353 737 3460 quibus
763 3349 940 3445 adfuerit,
972 3350 1157 3432 formosos
1189 3352 1231 3433 bc

197 3465 397 3570 sapientes,
425 3464 464 3540 bs
484 3483 658 3568 potentes
677 3465 821 3556 reddat,
852 3465 966 3544 decus
991 3466 1036 3542 br
1065 3447 1231 3568 gloriam

175 3575 274 3654 iliis
290 3571 527 3654 concilians?
558 3594 677 3680 utque
709 3599 988 3681 nonnunquam
1023 3599 1070 3652 ex
1089 3571 1236 3650 obscu-

91 3767 100 3786 ,
200 3685 307 3764 ris&
333 3679 505 3790 ingloriis
532 3683 666 3809 claros,
694 3686 733 3782 bo
769 3685 935 3764 celebres
968 3679 1127 3790 repente
1142 3683 1231 3762 effi·

199 3794 304 3870 ciat
296 3795 308 3854 i
339 3822 429 3872 nam
468 3792 616 3870 nosti
584 3795 761 3874 vicinum
757 3790 904 3920 mihi,
919 3795 1146 3898 &ejusdem
1167 3819 1230 3880 arr-2

198 3903 317 4011 ¹tiheii-
342 3905 554 3996 Simonem,
584 3905 651 4012 qui
681 3907 811 4013 paucis
843 3903 930 3992 anre
967 3906 1101 4002 diebus
1127 3869 1231 4012 apud

426 4046 430 4068 ³
1062 4033 1066 4040 '
1164 4039 1233 4094 me
