2914 4724
377 249 1148 448 ’ΝΕοιοΜιιιιι
1233 336 1314 418 φρ
1444 275 1449 286 ”

261 443 482 550 aiiquande
525 441 768 552 pervigilanti
801 441 925 524 visum
963 443 1067 522 est
1053 444 1109 522 ιιι
1145 435 1399 550 Babyl'o

274 580 388 651 nem,
426 557 467 633 δι
500 581 521 631 a
549 556 723 660 quodam
758 569 873 661 mago
904 579 950 632 err
981 552 1185 633 Zoroastri
1200 555 1314 632 disci-

273 665 375 772 pulis
404 665 443 742 &
470 663 737 743 succefforibus
757 689 871 770 opem
888 665 1108 772 implorare.
1167 665 1316 742 Audie-

13 856 18 865 ,
145 828 150 833 -
272 801 357 852 ram
375 775 561 881 siquidem
583 775 681 880 ipsos
710 773 944 868 carminibus
976 777 1014 854 δι’
1033 776 1317 882 expiationibus

14 876 17 889 ¹
117 923 123 932 ·
203 959 205 965 .
272 883 502 992 quibusdam
528 883 740 963 inferorum
773 902 901 1000 portas
932 887 1090 994 aperire,
1130 887 1173 964 δι’
1196 911 1318 994 quem

274 995 462 1074 voluerint
493 993 577 1074 tutb
605 996 699 1074 iiiuc
731 982 932 1083 deducere,
970 997 1167 1074 &iterum
1188 997 1318 1102 postea

271 1106 466 1186 reducere.
537 1105 747 1211 Optimum
784 1131 875 1212 ergo
908 1103 992 1182 fore
1034 1107 1316 1200 existimabam,

272 1214 448 1294 descensu
478 1215 526 1294 ab
557 1213 698 1294 horum
719 1215 902 1323 quopiam
937 1216 1156 1323 impetrate,
1199 1218 1318 1295 Tire

231 1345 234 1354 ¹
272 1326 364 1403 fiam
386 1325 719 1417 Boeotiumadire,
763 1327 802 1404 dc
836 1326 950 1402 abeo
977 1325 1208 1432 perdiscere,
1230 1313 1318 1402 tari

147 1437 151 1448 ’
272 1443 391 1541 quam
422 1463 444 1512 a
477 1452 561 1514 vate
591 1436 630 1512 dc
636 1437 842 1564 sapiente,
882 1461 1061 1572 quaenam
1096 1437 1156 1514 stt
1149 1437 1319 1542 optima

272 1548 364 1637 vita,
421 1546 461 1624 bc
503 1571 620 1652 quam
636 1531 790 1652 'aliquis
828 1543 929 1622 reete
963 1545 1107 1652 sapiens
1144 1547 1317 1652 eligerer.

271 1656 405 1756 Itaque
432 1653 580 1789 quanti
610 1675 782 1764 poteram
818 1654 1011 1734 celeritate
1044 1655 1210 1735 exiliens
1241 1657 1319 1734 Ba·
1332 1717 1337 1730 .

164 1789 167 1795 ·
272 1766 456 1872 bylonem
486 1759 587 1845 reeta
618 1767 814 1858 contendi.
871 1766 963 1868 Qro
1000 1761 1092 1845 cbm
1126 1757 1318 1873 pervenis

272 1877 366 1972 sem,
400 1877 546 2002 versor
563 1903 656 1956 cum
687 1877 856 1984 quodam
888 1903 936 1954 ex
970 1877 1180 1968 Chaldaeis,
1216 1879 1323 1985 sapi-v

272 2007 361 2065 ente
381 1985 484 2078 viru,
521 2007 641 2068 artem
669 1989 819 2079 divino,
844 2013 998 2065 comam
1018 2015 1127 2080 cano,
1161 1990 1327 2069 barbam

191 2187 193 2192 Ι
268 2099 499 2199 admodum
512 2099 766 2177 venerabilem
797 2097 993 2178 demissam
1020 2099 1204 2182 habente·
1246 2127 1324 2178 no-·

271 2229 384 2286 rnen
397 2225 549 2288 autem
560 2228 638 2287 erat
671 2207 729 2287 illi
753 2209 1119 2334 Mithrobarzqnee
1193 2210 1328 2289 Orans·

269 2319 391 2426 igitur
422 2315 696 2426 obsecrdnsque
727 2318 791 2396 vix
812 2321 860 2398 ab
889 2345 935 2397 eo
960 2295 1206 2398 corisecutus
1218 2321 1318 2413 mm,

270 2451 315 2508 ut
348 2427 423 2528 qud
454 2429 608 2506 tandem
630 2429 805 2505 mercede
823 2427 953 2520 vellet,
994 2429 1092 2511 mihi
1120 2429 1217 2506 dux
1229 2430 1320 2510 esset

272 2539 354 2616 viae.
426 2539 536 2616 Tum
575 2539 632 2614 vir
664 2538 730 2614 ilie
767 2564 832 2615 me
866 2537 1095 2644 susceptum,
1146 2535 1320 2644 primbm
1406 2576 1408 2584 ι
1448 2609 1449 2612 ,

271 2647 432 2753 quidem
466 2647 546 2725 dies
582 2673 723 2724 novem
760 2648 799 2725 dr
837 2648 973 2753 viginti
1012 2675 1105 2726 cum
1142 2649 1235 2726 lune
1270 2649 1327 2727 sr-

40 2851 45 2862 ,
173 2851 175 2856 k
272 2757 355 2835 mul
382 2757 569 2864 incipiens
589 2757 725 2847 abluit,
768 2759 811 2834 ad
827 2753 1073 2865 ‚Euphratem
1109 2757 1317 2852 deducens,
1381 2853 1382 2856 p

272 2865 386 2946 mane
413 2887 600 2946 errentem
622 2868 745 2947 versus
766 2866 898 2960 solem,
939 2869 1101 2976 longum
1121 2871 1319 2977 quendam
1373 2937 1377 2942 ,
1448 2883 1449 2886 ’

272 2977 487 3058 sermonem
526 2979 737 3070 muffitans‚
785 3005 910 3106 quem
936 3005 1014 3078 ιιοιι
1045 2978 1173 3106 probe·
1199 3007 1319 3073 exau
1344 3013 1348 3044 a·

257 3089 440 3168 'diebam
498 3088 620 3180 Nam,
663 3090 801 3182 velut
791 3091 913 3196 inepti
940 3115 1130 3216 praecqnes
1162 3092 1220 3168 in
1233 3119 1319 3174 cer-

269 3201 501 3278 raminibus
519 3201 687 3281 volubile
717 3200 900 3328 quiddam
932 3204 971 3280 δι
1004 3201 1195 3280 incertum
1227 3229 1318 3307 pro-

270 3309 437 3390 serebat:
487 3305 667 3388 caeterirm
697 3311 794 3389 visus
828 3310 887 3388 est
909 3311 1101 3390 daemonas
1132 3313 1320 3445 quosdam

172 3456 175 3460 ·
269 3424 462 3500 invocare
521 3421 608 3500 Post
626 3421 757 3500 risam
748 3439 1194 3528 rgrturmcantatronem,
1223 3419 1317 3516 ιίιιιι
1448 3469 1449 3526 3

230 3541 235 3550 '
272 3532 313 3611 in
335 3558 463 3610 meam
496 3531 637 3610 faciem
669 3552 724 3610 ter
752 3531 958 3640 inspuisset,
1006 3533 1132 3612 denuo
1163 3535 1315 3627 redivit,

271 3643 477 3721 obviorum
490 3644 672 3721 nullum
663 3663 828 3725 intuens
886 3643 1007 3721 Cibus
1028 3646 1186 3752 quidem
1207 3645 1317 3722 nobis

262 3751 432 3860 'glandes
460 3771 580 3844 erant,
629 3773 741 3862 potus
762 3761 891 3832 autem
919 3754 978 3831 lac
997 3775 1111 3861 atque
1131 3755 1316 3846 mulsum,

270 3865 314 3941 dr
348 3861 534 3971 Choaspin
572 3885 692 3974 aqua,
742 3865 859 3944 letius
893 3863 981 3942 verb
1019 3867 1059 3941 in
1093 3863 1211 3940 herba
1247 3857 1317 3942 sub
1376 3879 1381 3910 ⁸

268 3975 350 4084 piu.
409 3976 463 4054 At
481 3975 684 4106 postquam
713 3972 795 4056 huc
822 3977 909 4054 vite
937 3972 1110 4056 instituto
1138 3977 1223 4054 satis
1255 4001 1318 4052 me

795 4087 928 4216 U3.
1039 4116 1044 4124 ¹
1220 4112 1318 4212 praej-
