2894 4720
157 327 237 420 ζμ
469 305 504 384 L
532 289 575 385 U
602 303 637 384 C
665 300 686 382 I
712 301 751 382 A
777 299 821 382 N
849 296 869 380 l
987 307 989 314 “

149 437 375 544 1ἰικοὶατιιῐιι
403 437 669 529 multitudine,
698 455 784 518 tum
804 437 959 516 urbium
979 433 1207 544 pulchrituae

82 582 84 586 ’
160 549 250 632 dine
282 575 375 630 eum
415 548 549 655 primis
569 549 815 644 admirandae,
850 567 1031 655 praterea
1062 548 1201 627 flumi-

159 663 275 742 nibus
309 657 588 765 navigabilibus
625 659 876 764 irrigatae‚,ac
897 659 994 737 mari
1025 657 1205 766 portuoso

161 771 248 852 usae.
307 767 454 867 Adhaec
478 775 670 848 exercitus
702 772 850 875 ingens,
878 769 977 847 bene
996 768 1203 848 instructus

162 875 368 990 equitatus,
401 877 618 956 satellitium
640 877 743 956 haud
781 880 984 984 exiguum,
1012 880 1203 971 triremes,

161 990 414 1106 pecuniarum
447 990 502 1066 vis
532 988 656 1092 major
691 983 810 1095 quarn
841 1007 884 1068 ut
918 989 1030 1097 poffit
1062 1013 1203 1067 nume·
1242 1031 1245 1040 ,

47 1125 51 1134 ’
162 1102 250 1194 rari,
285 1099 457 1179 vasorum
491 1123 693 1178 aureorum
727 1098 893 1205 plurima
913 1099 1038 1207 copia,
1072 1099 1109 1176 bt
1141 1123 1206 1192 re·

161 1211 293 1320 liquus
328 1207 483 1314 imperii
521 1229 721 1318 apparatus
739 1209 881 1300 omnis,
911 1207 1206 1318 supramodum

52 1313 56 1330 ’
107 1406 111 1413 ,
162 1321 439 1402 accumulatus.
496 1319 600 1397 Cum
639 1321 769 1426 itaque
791 1321 1001 1426 prodirem,
1030 1319 1207 1426 plerique

62 1437 63 1440 ’
163 1431 384 1520 adorabant,
432 1429 825 1536 Deumquempiam
859 1431 999 1508 intueri
1032 1427 1067 1508 se
1106 1430 1203 1522 rati,

165 1541 308 1652 aliique
350 1565 401 1620 ex
437 1540 522 1618 aliis
561 1541 855 1630 concurrebant,
892 1538 972 1650 qud
1010 1565 1073 1618 ure
1110 1563 1208 1618 con-

81 1703 84 1716 ·
162 1656 383 1761 spicerentt
423 1649 601 1728 nonnulli
653 1649 861 1729 conscensis
913 1651 1025 1729 testis
1073 1649 1208 1757 magni

165 1763 418 1852 aestimabant,
458 1756 619 1867 fiplend
639 1759 897 1867 contemplari
921 1757 1083 1840 licuisset
1110 1787 1208 1867 qua·

165 1875 332 1982 drigam,
367 1869 544 1984 pallium,
590 1872 779 1962 diadema,
810 1873 1138 1962 anteambulones,
1167 1871 1208 1950 bt
1283 1877 1286 1884 “

165 2008 230 2062 eos
250 1985 317 2090 qui
331 1982 601 2088 sequebantur.
645 1983 733 2088 Ego'
751 1981 850 2062 inter
872 1982 954 2060 haec
984 1981 1084 2060 mihi
1108 1997 1206 2060 con·

163 2093 278 2182 scius,
299 2087 418 2198 quim
444 2089 657 2186 multaret
680 2116 744 2170 me
770 2090 1055 2182 discruciarent,
1084 2091 1205 2170 versa·

164 2219 340 2310 rentque,
361 2199 437 2279 illis
457 2200 615 2304 quidem
637 2219 793 2308 propter
812 2202 1006 2280 inscitiam
1031 2203 1204 2309 ignosce-

138 2311 274 2406 bam,
306 2339 370 2392 me
403 2322 533 2396 autem
569 2310 795 2403 miserebar,
817 2313 886 2419 qui
922 2312 1056 2392 fimilis
1086 2311 1204 2392 essem

164 2421 318 2530 magnis
331 2421 408 2502 illis
424 2421 601 2514 Colossis,
631 2447 729 2530 quos
749 2421 813 2504 aut
834 2421 1003 2514 Phidias,
1031 2439 1096 2502 aut
1109 2423 1207 2529 My-

165 2559 252 2626 ron,
282 2551 349 2614 aut
388 2531 596 2626 Praxiteles
627 2533 744 2612 fecit:
819 2533 998 2636 Qorum
1045 2532 1208 2641 quisque

166 2643 402 2724 extrinsecus
422 2643 475 2722 est
494 2641 702 2752 Neptunus
723 2657 788 2722 aut
820 2643 986 2752 Jupiter,
1019 2643 1130 2721 omni
1155 2669 1207 2722 ex
1244 2661 1246 2664 ·

166 2773 272 2865 parte
299 2755 474 2846 decorus,
509 2779 561 2832 ex
585 2776 677 2834 auro
714 2752 886 2834 &ebore
916 2754 1144 2846 elaboratus,
1168 2755 1210 2832 dc

46 2909 48 2912 ·
167 2883 234 2946 aut
265 2861 430 2954 fulmen,
469 2881 534 2942 aut
559 2861 706 2972 fulgur,
735 2881 801 2946 aut
828 2865 1035 2945 tridentem
1073 2861 1209 2944 dextra

166 2993 315 3056 tenens.
373 2969 617 3060 caeterumsi
655 2973 824 3056 immillo
855 2976 994 3083 capite,
1020 2973 1209 3080 quae-sunt

165 3079 286 3176 inrita,
315 3080 505 3192 inspicias,
526 3083 673 3170 videbis
691 3087 832 3177 vestes,
870 3086 1054 3194 paxillos,
1075 3086 1114 3162 dr
1133 3085 1211 3162 cla-

166 3194 236 3274 vos'
267 3217 335 3301 per
363 3191 583 3282 universum
607 3195 841 3288 transfixos,
872 3223 997 3304 neque
1033 3219 1112 3273 non
1140 3193 1235 3272 lli?

69 3397 98 3422 Ι,
165 3303 281 3412 pltea,
307 3303 510 3395 delutum,
539 3305 755 3398 secaneos,
784 3306 824 3384 dc
847 3306 990 3414 picem,
1027 3305 1067 3383 te
1087 3303 1210 3384 ‚mulss

97 3420 103 3431 “
166 3433 249 3508 tam
280 3411 320 3494 id
350 3438 472 3520 genus
495 3411 784 3514 deformitatem
817 3409 1209 3498 intlrsbabitantem.

169 3525 326 3620 omitto
354 3522 481 3620 dicere
519 3517 737 3614 muscarum
780 3525 820 3602 δι
852 3527 1025 3606 murium
1072 3549 1209 3604 arane-

139 3643 281 3716 ¹orum
302 3632 496 3742 scopum,
525 3635 600 3740 qui¹
626 3659 907 3743 nonnunquam
938 3637 979 3716 in
1009 3635 1064 3714 eis
1090 3661 1211 3713 man-

167 3742 293 3828 suant.
348 3741 586 3849 Hujusmodi
607 3746 785 3851 quaedam
807 3771 876 3824 rea
895 3747 1013 3826 etiam
1042 3769 1213 3856 regnum

165 3852 251 3934 'elle'
268 3852 433 3946 videtur.
489 3849 667 3948 Mrcut.
695 3855 887 3941 Nondum
905 3855 1128 3964 explicuisti
1143 3855 1209 3949 lu-¹

68 4055 70 4065 ¹
168 3972 270 4074 turri,
298 3963 507 4060 &clavos
544 3964 586 4046 dc
636 3967 761 4058 vectes
810 3966 977 4076 imperii,
1027 3990 1208 4076 quaenam
1256 4020 1258 4029 ,

303 4096 306 4102 '
1119 4075 1210 4170 srnt,
