2894 4720
266 283 685 386 or'mnncnoo
720 239 1108 390 connectis.
1158 337 1238 422 397

197 461 294 547 quos
327 434 466 518 habeat
483 437 638 528 liberos,
667 434 809 545 quibus
827 436 1041 518 eruditione
1059 435 1105 517 stt
1122 430 1249 544 opus),

147 585 161 634 ι(
198 549 271 627 tibi
298 547 563 639 committam,
614 575 692 626 non
725 545 887 625 aliarum
915 547 1012 626 item
1042 572 1171 626 rerum
1204 564 1264 626 te·

198 673 334 740 mecum
369 683 418 736 ex
448 683 560 766 aequo
592 657 801 737 dominum
835 657 989 738 ducam.
1046 651 1244 736 Caeteritm

199 768 355 877 quando
408 759 530 847 cetti'
559 768 762 876 quippiam
821 767 875 845 est
935 763 1243 875 praefiniendum,
1299 762 1304 780 '

198 877 381 987 equidem
401 877 511 956 tideo
528 894 604 958 tuae
621 875 706 956 vitae
725 875 1000 984 frugalitatem,
1045 873 1245 958 animiam·

5 1029 7 1084 ξ
98 1013 100 1017 ’
159 991 277 1100 'que
295 987 425 1095 paucis
456 1001 700 1077 contentum,
742 1007 858 1096 atque
889 983 1066 1098 intelligo
1099 1005 1136 1075 te
1166 1015 1269 1066 11011v
1346 1009 1350 1047 ³
1427 1095 1429 1122 1

203 1095 389 1178 mercedis
435 1097 513 1206 spe·
533 1099 745 1178 adductum
778 1098 820 1175 in
856 1095 1047 1178 familiam
1080 1096 1247 1177 nostram

187 1205 354 1298 uenisse,
417 1203 551 1289 verltm
583 1207 745 1286 aliarum
784 1232 924 1286 rerum
957 1205 1092 1315 gratii,
1154 1205 1248 1315 putit

201 1319 336 1399 nostrae
364 1318 406 1396 in
440 1335 479 1396 te
513 1317 802 1408 benevolentiae,
841 1319 882 1397 dt
911 1315 1087 1408 honoris,
1125 1343 1247 1427 quem

202 1429 303 1536 apud
336 1453 470 1506 omnes
499 1427 758 1536 consequerisz
808 1427 954 1535 aliquid
985 1435 1116 1510 tamen
1149 1455 1247 1537 prae·

202 1539 369 1618 finiatur.
445 1537 673 1648 Quinetiam
721 1535 801 1646 ipse
826 1537 924 1648 quid
962 1539 1070 1630 velis,
1112 1539 1247 1629 dicito,
1320 1617 1322 1628 ,

180 1647 337 1728 'habital
366 1648 526 1740 ratione,
574 1649 631 1727 vir
661 1647 900 1740 amicillrme,
943 1649 1097 1728 illorum
1129 1651 1247 1728 etiam

205 1783 427 1854 munerum,
467 1785 554 1866 quae
587 1784 656 1838 nos
675 1758 933 1838 anniversariis
948 1758 1052 1838 fe'stis
1078 1759 1148 1838 tibi
1178 1760 1247 1838 da·

156 1925 160 1932 -
205 1889 311 1972 turos
345 1867 398 1946 est
430 1868 749 1948 consentaneum:
806 1869 1069 1978 nequeenim
1114 1867 1249 1975 hujus·

207 1980 315 2056 modi
333 1997 486 2059 munera
505 1980 761 2088 negligemus,
808 1981 875 2058 etsi
905 2003 1009 2060 nunc
1046 1977 1129 2060 haec
1156 2006 1249 2087 pac·-

207 2091 311 2169 tione
343 2113 420 2168 non
460 2091 781 2197 complectamur.
852 2091 931 2170 Scis
969 2109 1099 2170 autem
1135 2115 1249 2170 com·-

208 2199 335 2308 plures
372 2225 439 2308 pet
469 2227 614 2279 annum
651 2201 840 2306 ejusmodi
870 2201 1082 2280 occasiones
1111 2199 1250 2280 incide-

206 2337 261 2389 re.
334 2311 490 2390 Horum
528 2311 647 2416 igitur
677 2309 810 2389 babiti
838 2315 995 2408 ratione,
1041 2314 1250 2416 aequiorem
1327 2365 1330 2380 ,

146 2460 148 2468 ·
207 2421 396 2500 nimirum
434 2420 653 2500 mercedem
687 2423 798 2498 nobis
834 2420 993 2526 irroges:
1044 2421 1270 2526 praesertim¹

194 2529 299 2610 ciam
320 2530 452 2609 deceat
471 2553 537 2606 vos
562 2528 730 2608 eruditos
751 2531 849 2608 viros
874 2530 1144 2609 constantiores
1163 2531 1249 2620 esse,

206 2638 328 2746 quim
361 2657 401 2715 ut
435 2668 456 2718 a
493 2638 654 2746 pecunial
691 2639 831 2718 abduci
862 2639 1017 2746 poffitis.
1087 2641 1157 2718 Ille
1190 2639 1252 2718 his

210 2752 321 2827 dietis
340 2767 465 2834 totum
483 2770 521 2826 te
535 2748 600 2856 spe
618 2749 720 2828 varii
745 2747 1031 2841 labefadtatum,
1060 2749 1129 2829 fibi
1150 2771 1250 2829 trac·
1329 2781 1333 2794 ’

209 2861 372 2958 rabilem
391 2857 574 2970 reddidits
623 2879 664 2938 tu
695 2859 785 2939 verd
811 2863 880 2967 qui
911 2862 1060 2940 dudum
1095 2861 1250 2952 talenta,

213 2967 411 3078 multique
438 2993 690 3056 nummorum
712 2969 846 3062 millia,
893 2969 1197 3080 totdsqueagros·
1212 2973 1252 3050 dc

210 3082 404 3172 domuum¹
436 3081 727 3186 multitudinem
755 3080 973 3174 somnidras,
1028 3103 1258 3192 quanquam.

211 3189 382 3269 hominis
416 3193 692 3299 parcimoniam
726 3193 863 3270 tacitus
904 3192 1004 3299 apud
1037 3215 1076 3272 te
1104 3193 1251 3272 intelli·

211 3305 284 3406 gis,
316 3323 444 3380 tamen
464 3303 516 3380 ob
531 3302 850 3408 pollicitationem
872 3304 944 3385 tibi
960 3302 1161 3382 blandiris:
1192 3325 1253 3380 at-

210 3437 288 3516 que
308 3413 418 3503 illud,
466 3411 664 3490 communia
696 3411 796 3492 nobis
820 3432 932 3494 erunt
949 3413 1081 3504 amnia,
1125 3433 1254 3493 ratum

212 3547 425 3632 verumque
456 3522 538 3600 sore
566 3525 795 3601 arbitror-ist.
823 3525 999 3630 ignorans
1031 3523 1254 3630 hujusmodi

212 3633 327 3722 dieta,
369 3635 472 3711 labra
493 3634 651 3741 quidem
672 3632 813 3734 rigide,
863 3637 1038 3740 palatum
1054 3635 1143 3714 veto
1176 3659 1255 3711 non

213 3741 359 3847 rigide.
415 3745 595 3825 Tandem
610 3771 684 3852 prae
697 3745 839 3851 pudore
855 3750 864 3823 i
870 3745 931 3850 pse
948 3749 1003 3826 illi
1011 3741 1255 3849 jurstatuen·

211 3851 256 3930 di
283 3853 426 3932 defers:
476 3849 702 3932 verirm'ille·
728 3855 916 3938 faciurum
944 3857 1016 3936 sele
1036 3863 1171 3961 negat:
1215 3857 1255 3935 dc

212 3963 382 4073 aliquem
395 3991 450 4042 ex
470 3967 604 4051 amicis
624 3965 866 4074 praesentibus
883 3971 920 4050 in
942 3995 987 4046 eo
1001 3969 1156 4072 negotio
1170 3993 1255 4044 me·-

204 4089 210 4105 ⁴
246 4101 252 4110 ·
673 4090 676 4097 '
974 4077 980 4092 ⁸
1147 4079 1257 4156 diunt
1294 4118 1297 4130 =
