2894 4720
192 321 273 410 ῃο
515 231 1049 371 nuc1au1²·

192 426 257 501 rit
338 419 493 502 Marc.
542 397 718 508 Adeone,
761 415 905 524 quasso,
949 407 1243 496 inhumaniter?
1282 437 1286 446 ·

192 533 343 612 Haecne
372 531 462 636 Jovi
504 527 668 607 referam
708 546 795 605 tarn
830 529 926 605 dura
959 545 1076 634 atque
1111 527 1265 651 aspera·

193 641 319 722 dista?
364 641 472 748 atqui
504 667 573 772 par
605 655 686 718 crat
722 635 878 716 forlitan
909 653 954 724 te
974 634 1153 717 homines
1190 661 1242 712 o·

193 751 260 831 dio
298 750 455 842 habere,
512 743 605 828 cum
638 749 687 825 ab
717 748 794 826 illis
834 763 892 825 tot
922 748 1052 852 gravia
1091 747 1241 837 tuleris,

153 871 435 970 'nequaquam
467 879 598 938 autem
633 859 738 937 Deos
771 855 902 947 odiffe,
949 854 1041 936 clam
1060 851 1132 936 Dii
1150 875 1240 936 tan·
1269 883 1276 894 ·

192 991 325 1079 topete
345 991 403 1052 tut
421 996 554 1050 curam
574 987 720 1076 gerant.
778 970 895 1046 Tru.
924 969 980 1046 At
999 969 1082 1058 nbi,
1124 969 1241 1046 Mer·

192 1083 291 1176 euti,
338 1077 504 1188 Jovlque
537 1105 609 1185 pro
647 1071 780 1156 vestra
796 1105 888 1156 cura
918 1077 1127 1184 plurimam
1164 1077 1241 1156 ha·
1287 1133 1291 1150 .

174 1191 268 1272 'beo
311 1192 493 1298 gratiam·
534 1189 604 1268 sed
640 1187 746 1288 bunc
785 1189 946 1266 Plutum
992 1213 1241 1295 nequaquam

129 1331 132 1340 ’
193 1303 397 1410 accipiam.
456 1301 692 1379 Mareu
626 1277 826 1403 Qidita?
882 1297 1241 1402 T1M.Qnam1ht

192 1413 291 1496 otim
337 1410 680 1490 innumerabilium
726 1409 919 1488 malorum
966 1407 1103 1488 author
1147 1407 1261 1498 fuir-,⁴

192 1518 286 1604 cum
317 1549 381 1601 me
400 1505 682 1600 assentatoribus
712 1520 888 1611 traderet,
919 1519 1018 1598 mihi
1041 1509 1239 1596 infidiato·
1260 1553 1263 1562 ·

192 1633 480 1724 resinduecret,
527 1631 662 1710 odium
681 1627 878 1720 conflaret,
914 1629 1115 1736 ,voluptate
1148 1655 1240 1705 cora
1254 1655 1272 1676 ,-

191 1761 404 1851 rumperet,
432 1739 643 1820 &invidia
662 1741 876 1820 obnoxium
910 1740 1096 1831 redderet,
1125 1741 1240 1816 deni·
1253 1767 1256 1776 ·

191 1879 270 1961 que
295 1879 436 1959 quum
468 1876 531 1929 me
565 1848 721 1958 repente
754 1848 849 1928 adeo
880 1848 1021 1957 perfido
1053 1853 1092 1928 oc
1130 1877 1258 1930 more*

158 1962 398 2072 'proditoris
418 1961 614 2040 desereret.
667 1961 877 2068 Paupertas
904 1960 1256 2072 verboptimame·

190 2071 441 2150 laboribus
406 2097 488 2148 viro
495 2069 732 2206 drgntffimrs
755 2097 959 2163 exercens,
1003 2099 1046 2150 ac
1078 2099 1238 2153 mecum

139 2280 143 2288 s
190 2179 417 2260 'conversans
439 2207 512 2260 una
534 2188 626 2258 cum
646 2181 863 2259 Veracitate
893 2183 933 2259 bc
963 2173 1156 2270 Libertate
1175 2182 1239 2260 di·
1332 2257 1335 2265 ,

190 2291 320 2383 cendi,
349 2291 388 2368 dt
414 2291 555 2399 quibus
574 2317 670 2398 opus
690 2311 767 2370 erat
786 2289 1040 2408 suppeditavit
1058 2293 1238 2371 laboran-

54 2471 60 2500 ,
190 2403 237 2495 ti,
277 2404 316 2481 tc
340 2427 470 2482 rerum
503 2402 611 2482 illam
639 2403 793 2512 copiam
812 2406 1060 2484 contemnere
1089 2403 1238 2520 docuit,

150 2547 153 2558 ·
190 2510 396 2622 effecitque
416 2529 460 2592 ut
479 2511 580 2592 mihi
606 2514 691 2592 vitae
722 2513 804 2620 spes
833 2515 960 2592 omnis
987 2540 1035 2592 ex
1056 2541 1118 2592 me
1129 2513 1248 2621 ipso·

189 2624 388 2734 penderet,
436 2624 475 2702 du
511 2623 782 2706 demonstravit
814 2651 989 2730 quaenam
1010 2625 1125 2704 client
1142 2649 1249 2730 opes

191 2761 302 2826 meae,
333 2758 441 2859 quas·
444 2743 568 2841 u'eque
584 2721 755 2812 adulator
771 2734 967 2827 allentans,
989 2761 1112 2842 neque
1128 2733 1249 2846 syco

190 2845 334 2951 phanta
353 2843 543 2934 territans,
586 2867 711 2950 neque
732 2844 871 2951 plebs
861 2847 1018 2942 irritata,
1050 2871 1120 2922 nec
1141 2869 1242 2924 con

190 2955 363 3036 cionator
381 2953 604 3078 suffragium
625 2952 661 3031 fe
642 2979 764 3046 erens,
806 2979 933 3060 neque
962 2974 1145 3081 tyrannus
1175 2957 1244 3032 ina

133 3095 139 3110 ·
189 3064 327 3142 fidians
342 3081 461 3168 queat
481 3063 639 3166 eripere.
692 3065 826 3170 Itaque
842 3063 1067 3144 laboribus
1051 3093 1133 3172 Jam
1148 3091 1239 3142 cor-

188 3167 387 3253 roboratus
408 3173 503 3251 dum
533 3171 641 3254 hunc
667 3175 875 3286 agellum
869 3177 1041 3286 gnaviter
1061 3201 1263 3278 exercep‚.

186 3307 333 3413 neque
348 3283 561 3390 quicquam
595 3309 730 3362 eorum
769 3276 977 3378 malorum,
1033 3313 1121 3394 quae
1149 3285 1238 3364 sunt

186 3389 426 3480 incivitate,
474 3394 629 3500 aspicio,
678 3392 832 3472 abunde
862 3396 1238 3504 magnum&suffi-

187 3503 357 3582 cientem
389 3503 534 3580 vidum
574 3533 594 3580 a
631 3495 760 3611 ligone
794 3508 954 3610 accipio
1014 3510 1142 3612 Qare
1178 3527 1237 3596 tu,

186 3611 419 3702 Mercuri,
410 3629 500 3689 tter·
504 3611 809 3726 relegensabeas,
840 3617 878 3693 ἂ
896 3619 1052 3696 Plutum
1071 3619 1174 3696 bunc
1187 3619 1236 3694 ad

185 3725 326 3829 lovem
346 3719 524 3801 abducas
576 3723 669 3812 Hoc
689 3741 825 3802 autem
839 3725 937 3816 mihi
953 3729 1011 3806 sat
1031 3726 1159 3818 fuerit,
1207 3729 1235 3806 st
1281 3797 1285 3810 .

75 3837 78 3846 ’
152 3858 321 3912 «omnes
340 3825 689 3912 omnmohommes
709 3834 849 3940 ejulate
867 3859 1048 3941 coegerit
1078 3839 1236 3944 Manet
1438 3891 1439 3904 κ

188 3931 532 4052 Nequaquam,
510 3971 535 4022 0
574 3945 710 4036 bone,
732 3971 856 4066 neque
886 3951 991 4028 enim
1025 3975 1159 4028 omnes
1186 3951 1235 4026 ad
1341 3985 1347 3992 ·
1438 3949 1439 3956 '
