2894 4720
166 290 250 401 gm
360 353 370 360 .
487 287 967 370 Lucrnurw

168 419 282 500 Tum
311 415 481 494 demum
511 410 666 494 acutiam
698 441 824 504 cerno,
875 411 1160 524 pedibt'r'squ‘e'
1146 443 1220 497 va·

167 532 230 608 leo
279 524 522 605 solummodu
560 553 683 634 quum
713 523 896 630 fugiendi
933 527 1034 604 adest
1070 556 1216 635 oppor-

49 643 54 651 ’
168 639 324 719 tunitas.
401 633 551 715 Manu.
587 637 687 714 Illud
726 639 843 712 etiam
878 634 977 713 mihi
1010 638 1215 745 responde:

151 751 249 858 ,qui
270 747 313 826 fit
342 767 399 840 ut,
442 743 535 828 ciam
565 747 686 824 oculis
713 747 757 822 sas
790 762 937 851 captus,
987 749 1216 844 (dicendum

167 862 274 942 enim
301 857 396 956 est)
414 878 591 964 praeterea
618 856 804 964 pallidus,
850 855 894 932 &
918 859 1091 935 cruribus
1127 887 1225 966 gra--

131 993 133 998 ·
166 974 238 1061 vis,
280 987 337 1046 tot
358 969 495 1046 habeas
516 985 717 1057 amatores,
758 965 852 1043 adeo
873 985 915 1044 ut
935 993 1091 1046 omnes
1103 972 1142 1047 in
1179 989 1218 1048 te

168 1077 513 1186 defigantoculos?
558 1079 597 1154 &
630 1077 657 1158 fi
690 1079 897 1184 potiantur,
939 1077 974 1154 se
996 1079 1123 1156 beatos
1138 1109 1216 1161 ex
1248 1087 1252 1100 '
1287 1105 1290 1110 ·

167 1189 359 1268 istiment:
407 1189 458 1268 san
498 1179 737 1277 frustrentur,
772 1211 855 1264 non
889 1187 1217 1271 sustineautvive-

166 1328 227 1378 re:
278 1327 325 1378 ex
357 1287 417 1376 'his
447 1299 607 1406 quidem
639 1325 714 1375 non
737 1323 876 1404 paucos
909 1301 1012 1388 novi,
1048 1329 1115 1419 qur
1103 1299 1232 1380 tam'

166 1409 315 1518 perdite
346 1429 382 1486 te
416 1409 593 1501 amarint,
639 1427 681 1486 ut
708 1407 786 1484 se
777 1435 815 1485 tn
848 1427 1013 1514 pontum
1044 1413 1221 1539 ingentia

166 1540 249 1600 cete
269 1521 492 1611 habentem,
536 1521 575 1597 δε
594 1517 759 1597 altiss
706 1544 779 1594 mis
800 1515 847 1595 de
869 1521 998 1624 petris,
1038 1523 1218 1628 praecipi·

168 1651 224 1710 tes
254 1632 477 1738 abjecerint,
524 1631 595 1706 rati
625 1629 785 1708 fastidiri
816 1627 889 1706 sese
918 1631 984 1708 abs
1000 1647 1037 1709 te
1056 1649 1218 1737 propte·
1303 1624 1310 1638 ’

168 1770 231 1820 rea
262 1739 367 1849 quiid
398 1741 484 1818 illos
514 1740 622 1818 nullo
653 1743 765 1846 patto
795 1737 1046 1844 respexisset.
1075 1743 1216 1846 Qan-

129 1923 134 1932 .
169 1880 285 1959 quam
313 1849 366 1928 sat
385 1851 475 1978 scip,
520 1870 559 1928 tu
593 1875 748 1958 quoque
774 1848 965 1942 fateberis,
1009 1851 1134 1958 saquid
1158 1853 1216 1930 de

168 1983 206 2039 te
223 1962 309 2069 ipso
324 1964 487 2051 noveris,
527 1959 687 2038 insanire
715 1959 818 2050 isius,
863 1961 932 2088 qui
963 1959 1081 2040 talem
1108 1987 1217 2040 ama·

168 2073 265 2150 sum
297 2070 521 2176 depereunt.
580 2071 725 2148 Paua
757 2074 811 2149 At
842 2073 948 2148 enim
979 2073 1100 2158 credis
1137 2099 1215 2164 me,

169 2181 292 2290 qualis
317 2181 414 2272 sum,
456 2183 572 2259 talem
592 2181 669 2259 istis
685 2181 821 2274 videri,
857 2207 998 2288 nempe
1017 2182 1214 2274 claudum,

169 2301 207 2370 ὄσ
235 2318 395 2380 caecum,
439 2293 477 2372 &
509 2291 693 2399 quicquid
724 2293 825 2371 aliud
855 2291 955 2370 mihi
985 2293 1085 2372 iuest
1108 2293 1216 2370 vitii?

168 2402 750 2511 Mrac.Qtdni,t›P1ute,
803 2403 1217 2510 nisr&ipfiomnea

167 2513 376 2594 stntcaeci.
434 2515 579 2592 Paua*
612 2514 730 2592 Haud
765 2541 855 2592 caecr
882 2514 1120 2622 quidem,
1100 2540 1217 2639 oop-

147 2629 282 2716 ¹time;
346 2619 479 2704 veritm
527 2624 674 2702 inscitia
710 2622 901 2730 errrirque,
961 2653 1046 2732 quae
1083 2627 1217 2707 omnia

166 2755 371 2842 occupant,
419 2737 625 2843 caliginem
662 2735 736 2812 iilis
769 2735 989 2812 offundunt
1048 2735 1215 2814 Adhaec

165 2849 244 2953 ipse
265 2873 436 2954 quoque
480 2873 528 2924 ne
555 2871 622 2951 per
640 2873 770 2923 omnia
790 2845 974 2924 deformis
995 2839 1101 2936 fitn
1109 2873 1217 2971 per·
1281 2864 1285 2868 ’

166 2957 297 3036 sonam
346 2957 454 3033 valde
500 2957 707 3045 amabilem
752 2957 927 3044 induens,
986 2959 1214 3082 inauratam,

125 3120 128 3128 -
165 3065 408 3174 gemmisque
439 3053 669 3155 distint‘ram,
716 3093 759 3145 ac
787 3067 1069 3144 verficoloribus
1091 3067 1215 3144 amic·

165 3199 226 3255 tus
263 3177 315 3252 eis
351 3202 534 3256 occurro:
579 3195 615 3254 at
646 3177 701 3254 illi
734 3178 804 3254 rati
834 3176 905 3275 sese
941 3179 1057 3255 nativi
1087 3173 1215 3254 vultus
1263 3241 1267 3248 .

164 3285 401 3364 venustatem
441 3287 616 3394 aspicere,
666 3313 793 3365 amore
828 3289 1045 3394 capiuntur,
1087 3279 1216 3394 dispe-

165 3415 353 3502 reuntque
384 3398 452 3474 nisr
486 3401 694 3505 potiantur
753 3395 870 3502 de
892 3398 1005 3506 srquis
1037 3424 1098 3474 me
1131 3417 1215 3475 toto

164 3533 322 3614 corpore
354 3505 590 3586 denudatum
627 3507 702 3584 illis
741 3509 966 3598 ostenderet,
1007 3505 1110 3584 hau'd
1139 3508 1217 3584 du-

136 3621 275 3698 ,bium
321 3615 373 3694 est
410 3620 504 3724 quin
543 3619 579 3694 se
592 3619 851 3714 damnarent,
907 3620 995 3725 qui
1019 3637 1216 3724 tantopere
1254 3619 1261 3632 '

163 3727 413 3816 caecutierint,
455 3746 624 3806 amantes
662 3754 719 3804 res
756 3729 982 3854 neutiquam
1018 3731 1214 3819 amandae,

162 3837 434 3917 &deformen
486 3839 640 3917 Mane.
699 3837 781 3946 Q
743 3837 895 3918 fit
884 3857 1002 3944 igitur
1022 3859 1077 3929 ut
1107 3839 1215 3944 post·

163 3977 282 4058 quarn
310 3949 446 4030 divites
479 3947 570 4028 faui
599 3949 686 4043 sint,
733 3951 771 4028 &
804 3947 1001 4056 personam
1034 3949 1121 4060 sabi
1116 3952 1219 4026 cir-

1046 4055 1214 4165 campo-
