2894 4720
347 315 423 406 ns
455 251 777 414 Manuaria
803 312 1195 438 conuucars.
1235 339 1312 425 401
1346 369 1352 374 -

271 453 455 535 convivia
477 455 633 559 agitare,
677 453 716 530 bt
743 447 915 529 conferta
949 477 1090 556 magna
1069 449 1316 530 hominnm

228 565 395 668 copia,
441 591 489 642 ex
516 563 734 642 colleuitiis
754 558 984 667 quibusdam
1009 565 1047 639 dc
1078 559 1317 647 maximaex

266 692 384 780 parte
413 675 615 780 improbis,
663 670 845 750 conflata.
915 673 1020 750 Inter
1065 697 1185 778 quae
1185 667 1315 804 lauda's

210 822 216 836 ·
267 780 413 873 odiose,
451 780 988 889 bibisquepraeterrnodum:
1032 783 1171 860 deinde
1203 777 1317 858 mani:

268 893 321 971 ad
337 891 643 972 tintinnabulum
657 889 994 1028 expergefadlus,
987 889 1173 969 discussa
1192 891 1318 968 somni

163 1025 178 1040 ·‘
255 1020 374 1110 ‚parte
410 1003 639 1094 dulciffima,
686 1031 762 1084 uua
791 1001 935 1080 sursum
966 1028 1009 1080 ac
1036 1001 1272 1080 deorsum
1239 1027 1318 1078 err

267 1113 501 1206 cumcursas,
547 1103 722 1192 hesterno
741 1114 825 1190 luto
856 1112 960 1190 tibiis
999 1113 1214 1212 etiamdum
1248 1112 1317 1190 ad·
1352 1187 1362 1194 .

195 1261 198 1269 ·
265 1223 449 1306 haetente
526 1225 592 1301 An
626 1223 744 1330 usque
775 1219 869 1300 adeb
893 1222 1137 1347 lupinorum,
1181 1242 1319 1300 auta-

258 1333 451 1440 grestium
479 1332 629 1412 olerurn
667 1331 792 1411 tenuit
831 1350 867 1406 te
895 1333 1065 1440 penuria,
1111 1333 1150 1410 oc
1168 1331 1319 1438 frigida

173 1443 175 1450 '
268 1463 466 1540 manantes
501 1439 743 1550 aquafontes
764 1437 1000 1532 defecerunt,
1047 1461 1089 1520 ut
1120 1445 1207 1547 prae
1223 1461 1319 1520 coni

205 1563 210 1572 ’
253 1553 382 1634 'filii
371 1553 502 1676 inopia
528 1554 573 1632 ad
599 1553 668 1634 ista
692 1551 911 1632 devenires?
958 1571 1009 1629 at
1024 1553 1152 1660 palam
1183 1551 1236 1632 est
1267 1571 1318 1643 te,

269 1689 347 1742 non
368 1683 527 1790 aquam·
569 1691 647 1742 non
666 1640 862 1769 lupinum,
892 1661 955 1742 sed
981 1662 1158 1752 bellaria,
1188 1663 1244 1742 &-
1223 1690 1321 1778 op·

268 1775 404 1867 sunia,
429 1801 472 1852 ac
493 1776 627 1852 vinum
648 1773 818 1882 fragrans
845 1791 1144 1902 peroptatum,
1161 1765 1321 1879 captum
1423 1846 1424 1854 ,

268 1880 378 1962 fuisse
409 1885 744 2000 quemadmodum
764 1885 892 1990 lupus,
934 1887 1072 1964 merito
1107 1883 1321 1970 admodum

242 2039 245 2048 =
267 1991 398 2072 fauces
415 1995 510 2072 resi
514 1995 673 2102 dgenus
694 2014 962 2102 appetentes
926 1993 1180 2082 transfixum.
1241 1995 1322 2072 lta-

140 2109 143 2118 '
269 2131 345 2211 que
391 2103 550 2212 praestb
583 2105 670 2184 sunt
712 2105 831 2212 hujus
871 2102 1175 2212 intemperantia
1224 2133 1322 2231 prae-

268 2215 368 2293 mia':
413 2218 452 2294 bc
472 2216 629 2322 perrnde
646 2236 760 2324 atque
781 2217 912 2310 simia.
947 2244 969 2292 a
1002 2236 1142 2294 trunco
1169 2219 1322 2311 revinc-
1395 2291 1401 2297 .

268 2343 330 2404 tus
362 2325 479 2416 collo,
521 2327 603 2404 aliis
633 2329 794 2432 quidem
822 2326 912 2403 risui
939 2352 992 2414 et,
1042 2311 1115 2404 tibi
1135 2324 1223 2404 verb
1253 2326 1324 2404 de·

268 2435 370 2516 liciis
407 2433 562 2512 affluere
601 2436 754 2526 videris,
790 2436 906 2566 quod
935 2437 1145 2518 caricarum
1175 2433 1324 2515 affatim
1435 2535 1436 2538 Ἴ

269 2544 472 2630 comedere
504 2545 606 2624 licet.
659 2539 854 2632 Cae⁴terum
880 2544 1049 2635 libertas,
1091 2546 1325 2649 ingenuitas,

247 2681 363 2740 .cum
382 2654 610 2760 gentilibuS,
655 2656 694 2732 dc
721 2655 927 2748 tribulibus
949 2653 1107 2739 evanida
1127 2657 1214 2734 sunt
1233 2681 1324 2733 orn-

271 2765 353 2844 nia:
417 2767 456 2842 dc
496 2793 544 2841 ne
580 2766 768 2842 memoria
801 2765 961 2870 quidem
997 2765 1153 2842 istarum
1193 2791 1337 2844 rerum

227 2881 231 2890 '
271 2893 415 2956 manet
475 2884 536 2953 Ac
570 2873 825 2955 ferendumt
811 2877 924 2966 foret,
969 2855 1231 2980 fiturpitndo
1264 2875 1324 2952 so-

270 2983 356 3066 llrm
394 2984 449 3062 rei
483 2975 627 3084 ineffet,
675 2988 728 3066 i'ta
756 3003 798 3064 ut
820 3015 888 3093 pro
917 2987 1040 3070 libero
1070 2985 1194 3064 servus
1217 2985 1324 3062 vide-

272 3125 354 3176 rere
397 3093 560 3186 tantum,
603 3097 769 3176 labores
799 3117 930 3176 autem
977 3124 1055 3176 non
1103 3095 1326 3174 accederunt

206 3283 214 3312 ,
273 3237 366 3288 cum
400 3205 468 3284 illa
500 3206 739 3286 famulorum
767 3207 933 3306 colluvie
965 3216 1213 3288 communes:
1227 3207 1325 3284 sed
1435 3309 1436 3312 Ἴ

274 3322 361 3398 vide
388 3342 485 3396 num
506 3339 591 3425 quae
612 3318 724 3397 tibi
714 3338 977 3422 imperantur
972 3318 1126 3398 leviora
1153 3317 1223 3396 srnt
1250 3316 1325 3408 his,
1435 3369 1436 3394 2

204 3425 207 3430 ’
275 3458 360 3540 quae
399 3429 593 3506 Dromoni
623 3446 688 3506 aut
727 3429 849 3535 Tibio
896 3431 1168 3508 mandantur.
1218 3423 1327 3510 Nam

276 3541 472 3628 dodtrinae,
528 3540 643 3646 cujus
680 3529 802 3665 gratia
840 3540 877 3619 se
906 3540 1009 3618 illius
1049 3538 1258 3640 desiderio
1268 3561 1329 3612 te-

277 3654 359 3737 neri
393 3647 588 3741 simulans,
630 3669 727 3730 te1n
760 3649 948 3730 familiam
982 3651 1089 3728 suam
1121 3665 1328 3753 receperat,

169 3817 173 3822 -
277 3765 416 3870 exigua
448 3760 516 3864 ipss
551 3787 642 3841 cura
678 3762 745 3840 est.
817 3764 927 3868 Qid
963 3763 1083 3848 enim,
1125 3775 1168 3834 ut
1206 3761 1332 3849 aiunt,
1418 3835 1424 3851 ⁸

165 3887 200 3964 J
277 3875 379 3952 asino
419 3895 513 3946 cum
555 3870 638 3976 lyrb
682 3871 735 3950 est
768 3873 1020 3952 commercii?
1074 3893 1150 3945 non
1193 3896 1331 3972 parum
1435 3891 1436 3960 j

277 4003 408 4067 tamen
458 3981 524 4085 (an
558 4007 635 4070 non
666 3981 814 4079 videst)
852 3997 1106 4067 'macerantur
1145 3979 1332 4165 desideriol

378 4125 381 4136 ·
780 4096 813 4178 C
842 4116 894 4171 c·
1272 4115 1314 4168 ve
