2914 4724
192 306 199 321 ’
297 273 747 428 8808888808.
795 245 1151 417 8188888008
1187 259 1302 424 888

233 445 389 542 Nescio,
420 441 630 554 Diog‘ene8.
684 447 783 526 Non
810 449 915 530 enim
936 451 1044 559 potui
1065 450 1277 554 quicquam

233 563 291 638 de
301 577 346 640 eo
365 562 537 651 statuere,
578 557 798 666 priusquam
816 585 995 649 morerer,
1025 551 1183 636 81181808
1218 559 1277 636 so·

170 661 315 774 ‘llum
338 670 452 778 qubd
482 671 647 750 moriens
673 669 872 748 Perdiccae
906 668 1093 750 annulum
1125 667 1276 746 tradidi.
1316 725 1318 728 -

209 795 216 870 j
232 775 379 860 Verum
400 781 494 886 quid
515 766 626 871 818188,
643 777 863 884 Diogenes?
921 779 1059 856 Dtoo.
1077 779 1278 882 Qidnam

199 929 203 936 ·
231 891 361 980 aliud,'
381 888 498 997 quarn
514 889 618 998 quod
639 889 815 980 memini,
846 885 956 996 quid
956 869 1088 968 Graeci
1102 887 1277 978 fecerint,

160 1049 164 1055 ι
231 1021 369 1106 quum,
422 1001 632 1108 imperium
658 1027 791 1106 nuper
828 1001 914 1078 ubi
944 997 1157 1106 accepisses,
1206 999 1279 1076 tibi

141 1167 143 1170 -
192 1115 197 1126 1
230 1111 485 1202 adularentur,
516 1129 552 1188 te
565 1111 843 1216 imperatorem
856 1107 1052 1214 eligerent,
1082 1109 1278 1188 &ducem

231 1221 414 1308 adversus
423 1223 620 1298 barbaros:
659 1219 837 1304 nonnulli
867 1221 984 1298 etiam
1014 1235 1052 1296 te
1071 1219 1278 1299 duodecim

145 1361 149 1366 ·
231 1331 407 1408 Deorum
429 1356 590 1407 numero
621 1328 816 1425 adderent,
855 1327 1000 1434 templa
1032 1327 1302 1418 aedificarent,
1349 1399 1350 1402 ,

230 1441 270 1517 bc
289 1437 361 1516 tibi
376 1457 418 1516 at
435 1440 609 1518 draconis
642 1437 724 1536 filio
743 1438 843 1516 sacra
867 1437 1057 1520 facerent?
1115 1439 1188 1516 Sed
1214 1439 1278 1536 dic
1379 1434 1382 1444 1

180 1547 182 1556 '
230 1549 344 1638 mihi,
374 1551 440 1658 ubi
462 1569 498 1626 te
515 1545 749 1626 Macedones
767 1547 1019 1656 sepelidrunt?
1061 1551 1166 1645 Ἀι.
1188 1548 1277 1626 Ε81-
1337 1646 1341 1654 ‚

126 1717 132 1722 -
230 1685 389 1740 amnum
419 1661 457 1736 in
488 1659 684 1766 Babylone
711 1661 822 1763 jaceo
855 1659 1012 1738 tertium
1039 1663 1129 1764 jam·
1156 1659 1300 1758 diem.x

230 1769 303 1846 Sed
323 1768 552 1848 Ptolemaeus
572 1767 638 1846 ille
666 1768 812 1848 satelles
843 1795 966 1859 meus,
977 1803 983 1816 ·
1008 1769 1188 1896 fiquaqdo
1207 1768 1276 1846 de-

114 1945 118 1956 ,
229 1897 292 1958 tur
320 1880 445 1958 otium
474 1882 522 1957 ab
553 1877 613 1957 1818
644 1906 771 1958 rerum
805 1879 1036 1960 tumultibus
1066 1881 1135 1987 qui
1171 1906 1277 1958 nunc
1325 1964 1327 1968 ,
1380 1881 1384 1884 ”

228 1989 403 2080 instant,
431 1989 675 2098 pollicetur
664 2017 705 2068 tn
733 1991 952 2112 AEgyptum
986 1989 1277 2098 deportaturum

228 2126 306 2194 me,
335 2097 482 2208 ibique
485 2100 758 2208 sepulturum,
769 2120 812 2179 ut
831 2101 921 2181 fiam
947 2128 994 2180 ex
1020 2101 1107 2180 Diis
1123 2103 1277 2235 AEgyp·

227 2211 290 2288 tiis
311 2237 422 2290 unus.
481 2211 618 2290 D1oo.
646 2209 740 2290 Non
762 2211 902 2303 rifero,
917 2209 1217 2304 Alexander,
1180 2238 1302 2315 cum„

226 2339 265 2398 te
293 2323 412 2402 etiam·
449 2320 549 2428 apud
584 2321 726 2400 inferos
747 2317 995 2428 desrpientem
1025 2324 1191 2413 videam,
1235 2321 1275 2399 dc

226 2429 439 2535 sperantem
471 2431 553 2510 sore
591 2450 634 2510 ut
672 2431 877 2538 aliquando
905 2431 979 2511 1188
1005 2432 1170 2524 Anubis,
1213 2431 1274 2510 vel

147 2579 150 2585 >
227 2541 368 2628 Osiris?
406 2539 554 2620 Verum
570 2539 651 2618 haec
668 2543 863 2646 nesperes,
885 2539 1127 2620 divinissime.
1185 2537 1273 2618 Ne·

226 2664 319 2774 que
349 2651 455 2728 enim
500 2651 556 2728 sas
599 2651 653 2727 est
685 2653 823 2728 reuerti
863 2677 1085 2758 quenquam
1125 2664 1173 2730 ex‘
1211 2650 1311 2756 ii8,3

125 2860 132 2872 ι
171 2793 173 2801 ·
226 2761 298 2865 qui
333 2760 447 2836 semel
481 2761 662 2866 paludem
700 2759 985 2854 transmiserint,
1028 2781 1142 2868 atque
1169 2761 1274 2838 intra
1385 2845 1386 2848 ¹

16 2925 17 2934 1
225 2865 358 2976 specus
387 2869 537 2948 hiatum
569 2869 849 2951 descenderint.
898 2897 977 2950 non
1000 2874 1116 2958 enim
1147 2872 1272 2978 negli-

224 3005 360 3086 gens
353 2978 406 3057 est
443 2983 617 3072 AEacus,
647 3000 784 3087 neque
802 2986 1106 3065 contemnendus
1126 2983 1272 3060 Cerbe·
1286 3039 1317 3084 ,¹

166 3155 170 3162 ,
225 3107 311 3204 8880,
343 3086 515 3170 Verbm
555 3089 651 3170 illud
696 3091 761 3170 abs
794 3113 832 3172 te
869 3094 1032 3186 libenter
1070 3093 1271 3185 discerem,
1406 3174 1409 3183 ,

224 3227 344 3314 quo
337 3200 435 3282 18888
473 3203 604 3279 animo
640 3195 790 3308 quoties
825 3221 989 3310 reputas,
1038 3204 1180 3311 quanta
1210 3202 1270 3282 se·
1371 3235 1387 3302 f

126 3345 148 3376 κ
223 3285 384 3405 11818818
399 3312 514 3440 apud
526 3297 677 3419 superos
707 3312 851 3404 8811618,
893 3311 964 3390 huc
993 3314 1037 3390 188
1064 3313 1269 3420 profectus,

143 3421 318 3546 prftd
355 3417 524 3548 corporis
574 3421 807 3516 custodibus,
867 3422 1105 3516 satellitibuS,
1153 3425 1269 3503 18888-

166 3627 170 3644 1
223 3532 297 3636 pis,
341 3559 431 3610 auro
452 3549 571 3624 tanto
588 3533 767 3640 populis
786 3562 854 3641 qur
875 3553 912 3610 te
932 3535 1162 3626 adorabant,
1194 3536 1270 3612 Ba·
1360 3529 1362 3533 ’

224 3641 406 3745 bylone,
421 3643 579 3734 Bactris,
610 3643 846 3722 immanibus
874 3643 955 3728 illis
985 3645 1137 3736 belluis,
1180 3645 1268 3748 dig·
1318 3739 1323 3752 ,
1397 3703 1400 3710 ,

92 3853 93 3856 ,
189 3755 356 3840 nitate,
398 3751 538 3857 gloria:
587 3751 896 3855 &conspicuum
930 3751 1116 3834 essedum
1141 3757 1268 3848 vecla

223 3863 328 3952 reri8,
361 3863 454 3940 dum
495 3861 589 3940 vitta
610 3861 772 3942 candida
801 3883 916 3974 caput
952 3866 1165 3942 revinctum
1197 3863 1268 3941 188

221 3971 341 4126 bereq
383 3975 477 4112 dum
497 4001 705 4084 purpuram
726 3973 862 4058 fibulis
886 3959 1124 4056 substrictam
1144 3973 1268 4082 gesta·

170 4139 172 4142 -
517 4160 520 4163 ,
882 4117 886 4130 ,
1195 4106 1268 4169 res.
1302 4111 1308 4119 ⁸
