2894 4720
104 197 258 372 ιμ’
414 173 961 319 uucrnnr·
1082 225 1086 232 ·

166 373 237 480 ipsi
257 365 405 457 vicin'tts
435 369 476 448 δι
494 369 771 457 conterminus,
813 365 1009 448 excutiens
1022 366 1073 470 se
1100 365 1217 452 aba·

167 483 252 563 liis:
296 479 336 558 δι
348 478 564 560 'decretum
599 479 677 558 esto
709 497 753 557 ut
785 477 822 559 le
854 481 1016 556 omnino
1042 479 1257 604 excipiat

168 593 347 683 comiter,
388 591 535 670 simori
551 609 737 700 oporteat,
779 589 820 667 δι
837 613 1020 666 coronam
1054 586 1125 670 s1bi
1141 589 1213 696 ipfi
1339 641 1341 648 ι

167 703 384 809 imponere.
461 702 642 808 Denique
671 725 813 778 nomen
842 696 1103 778 suaviffimum
1134 699 1216 776 esto

75 888 79 896 ,
170 811 473 920 Misanthropm,
506 811 714 890 hominum
745 809 842 887 osor.
900 809 1065 887 Morum
1082 827 1213 889 autem
1316 887 1319 892 .

170 941 273 1003 notae
291 923 377 1013 srnt,
419 923 628 1014 morositas,
669 919 860 1026 asperitas,
888 917 1069 1011 feritas,
1059 945 1213 999 iracun-

171 1035 249 1125 dia,
295 1031 576 1111 inhumanitas:
626 1032 665 1110 do
698 1033 846 1138 siquem
884 1025 1161 1137 conspexero
1147 1056 1216 1107 ιιι

172 1143 311 1244 cendio
339 1141 655 1248 conflagrantem,
697 1141 1038 1248 &supplicantem
1067 1157 1110 1218 ut
1126 1163 1215 1218 ex

129 1275 141 1324 2
169 1255 363 1362 tinguam,
392 1255 492 1360 pice,
519 1249 683 1360 oled'que
712 1251 969 1360 restingueret
1000 1253 1040 1330 dc
1067 1250 1217 1357 fiquem

170 1363 312 1472 hyeme
352 1361 499 1470 flumen
536 1363 693 1454 deserat,
739 1363 846 1471 isque
873 1361 1063 1470 porrectis
1102 1383 1217 1440 man·

171 1476 245 1554 bus
278 1493 387 1582 roget
421 1493 466 1552 ut
497 1476 717 1564 retineatur,
760 1493 853 1552 eum
882 1473 1054 1560 demerso
1090 1467 1219 1577 capite

172 1585 400 1694 propellere,
450 1585 505 1662 ita
538 1597 581 1664 ut
617 1585 654 1664 se
677 1582 806 1663 rursus
832 1583 1004 1661 attollere
1037 1601 1219 1690 nequeat.

166 1697 265 1776 Hoc
299 1699 411 1803 paeto
428 1723 496 1823 par
480 1721 560 1789 rem
587 1687 749 1802 gratiam
779 1693 1041 1802 reportabunt.
1099 1693 1218 1772 Hanc

171 1807 302 1913 legem
321 1806 468 1916 rogavit
493 1805 641 1885 Timon
672 1805 933 1886 Echecratidae
955 1803 1056 1881 filius
1075 1804 1218 1930 Colyt'-

171 1917 300 2008 tensis,
347 1919 386 1994 ur
416 1917 611 1996 concionis
631 1907 830 1996 decretum
850 1915 1092 1994 confirmavit
1110 1915 1228 1994 idem·

172 2027 336 2105 Timon.
393 2027 481 2131 Age
511 2025 593 2103 haec
622 2022 772 2104 decreta
791 2027 929 2104 suntor
965 2025 1049 2104 haec
1067 2024 1220 2103 sortiter

173 2131 616 2215 tueamur.Caeterl1m
637 2163 769 2242 magni
758 2135 959 2228 ‘fecerim
988 2127 1134 2215 srhoc
1124 2161 1218 2228 om

171 2247 286 2326 nibur
317 2246 544 2338 innotescat,
587 2273 651 2328 me
683 2246 755 2328 else
783 2240 1086 2356 supramodum
1114 2248 1218 2326 divi-

170 2379 267 2436 tem.
340 2358 439 2438 Haec
472 2358 579 2438 enim
613 2385 670 2437 res
688 2358 751 2438 ad
790 2357 919 2438 restim
948 2357 1056 2438 illos
1073 2347 1217 2465 adiget

173 2468 246 2548 Sed
267 2467 361 2578 quid
389 2468 510 2548 illud?
557 2468 669 2561 eheu,
710 2495 797 2578 quae
821 2469 991 2547 celeritas
1006 2467 1098 2546 rstal
1141 2491 1221 2547 un·-

171 2579 290 2693 dique
341 2600 576 2660 concurrunt
623 2581 880 2688 pulverulenti
917 2599 1031 2685 atque
1059 2577 1216 2672 anheli,

171 2690 297 2768 haud
307 2689 398 2770 scio
417 2687 518 2770 u'ndc
552 2719 688 2770 aurum
725 2691 886 2769 odorati.
960 2691 1149 2770 Utrum'
1139 2691 1217 2798 rgi-

171 2811 236 2878 tdr
253 2801 328 2878 hoc
347 2801 549 2880 conscenso
567 2802 669 2878 colle
692 2801 797 2880 saxis
813 2825 876 2880 eos
915 2801 1124 2934 ambigam,
1169 2826 1220 2878 ex
1310 2887 1321 2894 ᾖ

170 2909 260 2989 loco
297 2909 477 3017 superiori
515 2903 765 3017 dejaculant,
809 2915 855 2988 air
890 2907 963 2990 hac
995 2906 1146 2990 tantum
1176 2913 1217 2990 in

171 3045 213 3096 re
237 3019 372 3124 legem
400 3019 644 3112 violabimus,
688 3047 781 3115 cum
818 3020 895 3100 illis
922 3021 1070 3100 scilicet
1101 3021 1219 3100 semel

172 3131 470 3235 congrediendo,
515 3147 559 3210 ut
591 3131 818 3239 contempti,
866 3131 990 3236 tnagis
1028 3131 1218 3239 agantur?

173 3237 266 3319 Hoc
284 3239 397 3318 satius
410 3239 481 3319 effe
499 3241 613 3325 duco.
659 3243 788 3345 Qare
802 3239 868 3320 hic
889 3241 1148 3322 subsistentes
1133 3269 1220 3348 jam

173 3373 237 3426 cos
257 3351 509 3458 excipiamus
567 3353 654 3460 Age
692 3351 968 3458 prospiciam,
984 3353 1143 3458 primos
1150 3379 1219 3432 eo-

171 3485 262 3537 rum
295 3457 362 3535 iste
382 3460 469 3566 quis
495 3458 572 3539 esti
617 3488 759 3568 nempe
789 3462 1056 3540 Gnathonidcs
1083 3464 1219 3544 adula-

172 3589 246 3662 tor,
285 3569 362 3676 qui
391 3567 490 3648 mihi
518 3597 641 3677 nuper
674 3597 833 3651 eranum
871 3574 1032 3680 petenti,
1064 3573 1218 3656 sunem

171 3682 356 3785 porrexit,
400 3703 524 3787 quum
554 3681 682 3794 apud
684 3700 749 3759 me
778 3681 1036 3790 saepenumero
1069 3685 1219 3792 integra

173 3789 274 3867 dolia
305 3807 536 3880 evomuerat.
611 3777 684 3868 Sed
720 3793 817 3870 bene
845 3793 898 3872 est
929 3796 1033 3900 quod
1073 3797 1118 3872 ad
1152 3823 1218 3876 me

41 3877 48 3984 s
170 3901 297 3982 venit:
328 3919 415 3983 ante
437 3898 533 3986 alroo
552 3927 660 3982 eorm
679 3899 850 4014 ejulabit
910 3905 1067 3988 Gun‘r.
1099 3905 1216 3992 Non

30 4025 31 4034 ¹
180 4023 659 4070 l-··-2·=-11·.ar·,r
917 4040 941 4058 ι.
1073 4037 1076 4046 ,
1167 4042 1218 4105 ne
