2838 4706
183 339 263 430 „0
504 311 902 396 Lucraar

182 437 390 524 recuslrim
411 439 492 518 .vet
526 467 618 520 cum
659 465 802 548 magno
840 441 950 546 Rege
986 436 1242 522 solummodo

183 553 323 646 vivere,
352 547 627 660 convictdrque
659 551 793 640 videri,
840 549 984 629 srnihil
1016 548 1163 630 fruttts
1183 579 1241 630 ex

57 669 64 689 ‘
183 687 230 744 eo
261 663 438 744 convictu
469 664 718 774 perciperem.
777 661 896 740 Cum·
921 661 1040 766 igitur
1075 661 1158 743 haec
1189 663 1241 740 srt
1379 769 1380 782 ἵ

182 771 306 864 causa,
344 799 422 850 'cur
439 771 550 849 talem
582 772 710 848 ineant
728 769 863 861 vitam,
911 797 981 876 age
1012 772 1095 878 jam
1133 799 1236 849 con·
1379 853 1380 866 χ

182 884 390 964 fideremus
433 877 540 987 apud
577 879 840 986 nosmetipsos,
900 881 1116 984 cujusmodi
1160 882 1240 961 fint
1379 909 1380 950 t

183 993 262 1096 illis
293 988 513 1098 perferenda
532 989 753 1098 priusquam
786 991 1054 1080 admittantur,
1102 993 1239 1069 &ob-
1379 991 1380 1006 ¹

184 1102 345 1192 tineant,
388 1099 605 1206 cujusmodi
635 1097 724 1178 veri)
757 1101 795 1177 in
829 1100 911 1206 ipse
940 1101 1018 1179 vita
1034 1103 1117 1204 jam
1133 1127 1235 1179 eon-

184 1211 306 1292 stiruri
325 1212 537 1319 patiantur:
588 1209 779 1318 postremi>
810 1212 933 1318 qualis
952 1209 1093 1290 fabulae
1126 1231 1262 1290 cata--

184 1321 338 1430 strophe
368 1321 446 1400 illis
474 1321 687 1428 contingat.
745 1321 889 1430 Neque
908 1322 1013 1400 enim
1044 1320 1143 1400 illud
1172 1323 1262 1400 di·
1379 1369 1380 1372 κ

184 1459 270 1512 cere
289 1432 393 1523 licet,
440 1430 523 1512 hac
560 1433 626 1510 etsi
648 1430 806 1510 molesta
831 1425 916 1522 fint‘,
963 1433 1137 1542 superate
1159 1433 1235 1510 'ta-

185 1569 276 1626 men
294 1541 367 1621 effe
384 1541 527 1644 facilia,
570 1567 694 1650 neque
715 1543 841 1620 multo
858 1541 987 1620 labore
1006 1545 1053 1621 ad
1072 1569 1116 1620 ea
1135 1570 1235 1651 oprte

185 1645 272 1748 esse,
302 1653 355 1732 sat
366 1671 493 1732 autem
512 1649 622 1732 essefi
638 1650 756 1732 modi)
772 1652 880 1740 velis,
908 1653 1113 1760 &quidvis
1127 1655 1236 1762 post-

185 1791 230 1844 ea
248 1763 353 1844 factu
369 1758 452 1841 sore
468 1761 596 1842 facile.
653 1759 742 1841 lmd
761 1761 904 1841 neceffe
922 1764 975 1840 est
1002 1783 1044 1841 ut
1063 1764 1131 1842 diu
1151 1763 1236 1842 sur·

185 1873 270 1954 sum
302 1897 346 1951 ac
371 1871 547 1952 deorsum
581 1874 751 1964 curfites,
796 1869 936 1953 affidue
969 1871 1051 1951 fore
1082 1873 1236 1952 obfide-

185 2007 239 2075 ιε,
281 1983 322 2060 dc
344 1998 386 2060 ut
404 1977 517 2062 marte
542 1984 730 2062 excitatus
758 2009 850 2062 eurn
869 1980 1091 2092 opperiaris,
1137 1986 1235 2065 dum

184 2091 433 2202 protruderit,
494 2091 591 2170 dum
624 2090 852 2182 excluderis,
893 2094 987 2172 dum
1013 2095 1235 2204 impudens

182 2200 394 2311 ipterdurn,
447 2219 563 2310 atque
598 2201 842 2310 importunus
879 2201 1034 2296 videris,
1076 2206 1234 2314 quando

169 2315 335 2423 janitori
368 2308 469 2391 male
488 2311 684 2420 syritl'anti,
729 2339 774 2392 ac
808 2314 1086 2393 nomenclatori
1105 2317 1233 2424 Liby-2

183 2452 232 2504 co
265 2421 474 2532 subjiceris,
517 2430 723 2532 quumque
755 2425 924 2504 nominis
962 2427 1019 2504 tui
1054 2429 1231 2506 recorda-

183 2537 332 2614 tionem
360 2534 537 2614 mercede
570 2535 743 2614 redimis.
794 2535 902 2639 Qin
935 2537 1053 2615 etiarn
1074 2538 1263 2618 vestitus·

183 2647 256 2726 tibi
282 2647 335 2726 est
362 2645 598 2753 apparandus
631 2644 740 2752 supra
771 2661 854 2724 tuas
878 2641 1098 2738 facultates,
1138 2673 1230 2754 pro-

183 2755 287 2836 illius
322 2781 439 2869 quem
473 2754 569 2834 colis
600 2753 801 2859 dignitate,
849 2756 1034 2862 diligendi
1070 2757 1229 2850 coloret,

183 2865 326 2974 quibus
356 2863 422 2944 ille
450 2863 672 2956 delectatur,
696 2875 764 2944 ‘ne
784 2865 985 2972 discrepes,
1033 2870 1072 2948 dc
1099 2869 1229 2946 oeulos

184 2977 280 3082 ejas,
310 2999 433 3084 quum
455 2975 606 3066 viderit,
637 2973 823 3056 offendas.‘
882 2979 1168 3086 Oportet-etiam
1188 2996 1230 3058 ut
1301 3071 1303 3075 ,

180 3083 308 3190 ipsum
348 3082 535 3164 affectetis
572 3087 758 3190 gnaviter,
816 3086 877 3166 vel
916 3085 1043 3194 potiirs
1077 3108 1229 3170 antece·

180 3195 263 3285 das,
311 3211 426 3302 atque
454 3193 610 3274 interim
641 3191 674 3276 a·
697 3193 855 3275 famulis
893 3199 1139 3302 protrudaris,
1186 3227 1231 3280 ac

179 3303 301 3384 veluti
323 3327 518 3412 ¹pompam
548 3305 743 3413 quandam
768 3307 934 3412 expleas.
991 3310 1045 3388 At
1077 3309 1142 3388 ille
1163 3337 1230 3418 per

177 3411 325 3519 multos
355 3413 434 3489 dies
463 3416 511 3490 'ne
531 3416 665 3520 aspicit
693 3417 853 3523 quidem
875 3420 959 3495 teu
984 3419 1103 3524 Qtd
1123 3421 1227 3500 stret

178 3521 329 3632 optime
348 3521 422 3602 tibi
451 3521 657 3631 aliquande
678 3523 838 3620 cefferir,
880 3529 920 3606 dt
955 3547 992 3608 te
1013 3526 1229 3642 respexerit,

178 3633 474 3714 &accersitum
509 3634 702 3740 quidlibet
738 3633 993 3746 interro'gdrit,
1028 3631 1229 3720 '‘turn''de-

39 3759 44 3774 ¹
78 3749 84 3762 “
179 3745 298 3852 nique
333 3741 419 3822 tum
450 3746 600 3822 multus
627 3744 753 3838 sudor,
796 3744 1228 3842 multaatttatimi'n·

180 3853 429 3960 tempestiva·
458 3851 676 3962 trepidatio,
742 3853 940 3966 sannaeque
982 3851 1115 3940 eorum
1160 3861 1228 3969 qu'i

180 3962 314 4046 adsunt
344 3963 397 4046 ob
428 3978 537 4108 tuam
568 3967 881 4094 perplexitatem,
929 3977 986 4053 ac*
1006 3970 1101 4082 sape
1122 3971 1227 4173 adp}
