<?xml version="1.0" encoding="UTF-8"?>
<!DOCTYPE html PUBLIC "-//W3C//DTD XHTML 1.0 Transitional//EN"
    "http://www.w3.org/TR/xhtml1/DTD/xhtml1-transitional.dtd">
<html xmlns="http://www.w3.org/1999/xhtml" xml:lang="en" lang="en">
 <head>
  <title>
</title>
<meta http-equiv="Content-Type" content="text/html;charset=utf-8" />
  <meta name='ocr-system' content='tesseract 3.04.00' />
  <meta name='ocr-capabilities' content='ocr_page ocr_carea ocr_par ocr_line ocrx_word'/>
</head>
<body>
  <div class='ocr_page' id='page_1' title='image "./excerptaqudamex00lucigoog_0262.png"; bbox 0 0 2884 4738; ppageno 0'>
   <div class='ocr_carea' id='block_1_1' title="bbox 124 225 1158 786">
    <p class='ocr_par' dir='ltr' id='par_1_1' title="bbox 124 225 1158 786">
     <span class='ocr_line' id='line_1_1' title="bbox 157 225 910 404; baseline -0.001 -28"><span class='ocrx_word' id='word_1_1' title='bbox 157 225 246 404; x_wconf 54' lang='lat' dir='ltr'>ep</span> <span class='ocrx_word' id='word_1_2' title='bbox 485 273 910 374; x_wconf 68' lang='lat' dir='ltr'>Luctnmr</span> 
     </span>
     <span class='ocr_line' id='line_1_2' title="bbox 124 475 1158 573; baseline 0.012 -13"><span class='ocrx_word' id='word_1_3' title='bbox 124 507 129 518; x_wconf 91' lang='lat'><strong>·</strong></span> <span class='ocrx_word' id='word_1_4' title='bbox 222 475 1158 573; x_wconf 66' lang='lat' dir='ltr'>Nneruurmueneffluunr.</span> 
     </span>
     <span class='ocr_line' id='line_1_3' title="bbox 380 633 1057 786; baseline 0.027 -42"><span class='ocrx_word' id='word_1_5' title='bbox 380 633 947 786; x_wconf 45' lang='lat' dir='ltr'>,NEPTuuu&#39;n</span> <span class='ocrx_word' id='word_1_6' title='bbox 1052 667 1057 674; x_wconf 86' lang='lat'>&#39;</span> 
     </span>
    </p>
   </div>
   <div class='ocr_carea' id='block_1_2' title="bbox 252 807 1224 980">
    <p class='ocr_par' dir='ltr' id='par_1_2' title="bbox 252 807 1224 980">
     <span class='ocr_line' id='line_1_4' title="bbox 252 807 1224 980; baseline 0.004 -32"><span class='ocrx_word' id='word_1_7' title='bbox 252 864 400 948; x_wconf 86' lang='lat' dir='ltr'><strong>ECTE</strong></span> <span class='ocrx_word' id='word_1_8' title='bbox 421 863 562 958; x_wconf 84' lang='lat' dir='ltr'>facitis,</span> <span class='ocrx_word' id='word_1_9' title='bbox 591 864 822 976; x_wconf 87' lang='lat' dir='ltr'>Delphines,</span> <span class='ocrx_word' id='word_1_10' title='bbox 853 870 958 976; x_wconf 91' lang='lat' dir='ltr'>quod</span> <span class='ocrx_word' id='word_1_11' title='bbox 975 807 1124 980; x_wconf 87' lang='lat' dir='ltr'>semper</span> <span class='ocrx_word' id='word_1_12' title='bbox 1140 869 1224 952; x_wconf 52' lang='lat' dir='ltr'>hoe</span> 
     </span>
    </p>
   </div>
   <div class='ocr_carea' id='block_1_3' title="bbox 166 979 1216 1197">
    <p class='ocr_par' dir='ltr' id='par_1_3' title="bbox 166 979 1216 1197">
     <span class='ocr_line' id='line_1_5' title="bbox 280 979 1216 1116; baseline 0.004 -59"><span class='ocrx_word' id='word_1_13' title='bbox 280 980 431 1060; x_wconf 88' lang='lat' dir='ltr'>minum</span> <span class='ocrx_word' id='word_1_14' title='bbox 451 995 621 1059; x_wconf 80' lang='lat' dir='ltr'>amantes</span> <span class='ocrx_word' id='word_1_15' title='bbox 642 979 752 1057; x_wconf 86' lang='lat' dir='ltr'>estis:</span> <span class='ocrx_word' id='word_1_16' title='bbox 800 1006 892 1058; x_wconf 89' lang='lat' dir='ltr'>nam</span> <span class='ocrx_word' id='word_1_17' title='bbox 926 981 964 1058; x_wconf 70' lang='grc' dir='ltr'>δε</span> <span class='ocrx_word' id='word_1_18' title='bbox 990 983 1088 1116; x_wconf 76' lang='lat' dir='ltr'>olim</span> <span class='ocrx_word' id='word_1_19' title='bbox 1122 981 1216 1062; x_wconf 74' lang='lat' dir='ltr'>inias</span> 
     </span>
     <span class='ocr_line' id='line_1_6' title="bbox 166 1085 1214 1197; baseline 0.003 -28"><span class='ocrx_word' id='word_1_20' title='bbox 166 1085 333 1183; x_wconf 80' lang='lat' dir='ltr'>fliium</span> <span class='ocrx_word' id='word_1_21' title='bbox 323 1117 363 1166; x_wconf 86' lang='lat' dir='ltr'>rn</span> <span class='ocrx_word' id='word_1_22' title='bbox 383 1087 574 1180; x_wconf 82' lang='lat' dir='ltr'>Isthmum</span> <span class='ocrx_word' id='word_1_23' title='bbox 605 1087 792 1196; x_wconf 86' lang='lat' dir='ltr'>portastis,</span> <span class='ocrx_word' id='word_1_24' title='bbox 833 1107 1039 1197; x_wconf 87' lang='lat' dir='ltr'>exceptum</span> <span class='ocrx_word' id='word_1_25' title='bbox 1070 1119 1092 1170; x_wconf 89' lang='lat' dir='ltr'>a</span> <span class='ocrx_word' id='word_1_26' title='bbox 1129 1093 1214 1172; x_wconf 86' lang='lat' dir='ltr'>Sci-</span> 
     </span>
    </p>
   </div>
   <div class='ocr_carea' id='block_1_4' title="bbox 148 1200 1351 1309">
    <p class='ocr_par' dir='ltr' id='par_1_4' title="bbox 148 1200 1351 1309">
     <span class='ocr_line' id='line_1_7' title="bbox 148 1200 1351 1309; baseline 0 -29"><span class='ocrx_word' id='word_1_27' title='bbox 148 1203 283 1280; x_wconf 81' lang='lat' dir='ltr'>‘roniis</span> <span class='ocrx_word' id='word_1_28' title='bbox 311 1200 487 1307; x_wconf 87' lang='lat' dir='ltr'>scopulis,</span> <span class='ocrx_word' id='word_1_29' title='bbox 536 1227 629 1278; x_wconf 91' lang='lat' dir='ltr'>cum</span> <span class='ocrx_word' id='word_1_30' title='bbox 663 1219 785 1279; x_wconf 89' lang='lat' dir='ltr'>matre</span> <span class='ocrx_word' id='word_1_31' title='bbox 805 1219 1110 1309; x_wconf 84' lang='lat' dir='ltr'>praecrprtatum</span> <span class='ocrx_word' id='word_1_32' title='bbox 1160 1203 1254 1280; x_wconf 92' lang='lat' dir='ltr'>Et·</span> <span class='ocrx_word' id='word_1_33' title='bbox 1345 1270 1351 1280; x_wconf 85' lang='lat'><strong>.</strong></span> 
     </span>
    </p>
   </div>
   <div class='ocr_carea' id='block_1_5' title="bbox 165 1308 1212 1418">
    <p class='ocr_par' dir='ltr' id='par_1_5' title="bbox 165 1308 1212 1418">
     <span class='ocr_line' id='line_1_8' title="bbox 165 1308 1212 1418; baseline 0 -28"><span class='ocrx_word' id='word_1_34' title='bbox 165 1330 209 1390; x_wconf 87' lang='lat' dir='ltr'>tu</span> <span class='ocrx_word' id='word_1_35' title='bbox 244 1335 346 1391; x_wconf 88' lang='lat' dir='ltr'>nunc</span> <span class='ocrx_word' id='word_1_36' title='bbox 377 1308 564 1417; x_wconf 77' lang='lat' dir='ltr'>assumpto</span> <span class='ocrx_word' id='word_1_37' title='bbox 581 1309 853 1418; x_wconf 83' lang='lat' dir='ltr'>Methymnao</span> <span class='ocrx_word' id='word_1_38' title='bbox 883 1311 1097 1392; x_wconf 89' lang='lat' dir='ltr'>citharoedo</span> <span class='ocrx_word' id='word_1_39' title='bbox 1127 1311 1212 1405; x_wconf 89' lang='lat' dir='ltr'>isto,</span> 
     </span>
    </p>
   </div>
   <div class='ocr_carea' id='block_1_6' title="bbox 165 1419 1435 1556">
    <p class='ocr_par' dir='ltr' id='par_1_6' title="bbox 165 1419 1435 1556">
     <span class='ocr_line' id='line_1_9' title="bbox 165 1419 1435 1556; baseline 0.002 -56"><span class='ocrx_word' id='word_1_40' title='bbox 165 1451 207 1502; x_wconf 90' lang='lat' dir='ltr'>rn</span> <span class='ocrx_word' id='word_1_41' title='bbox 227 1423 435 1501; x_wconf 78' lang='lat' dir='ltr'>Taenarum</span> <span class='ocrx_word' id='word_1_42' title='bbox 468 1447 549 1500; x_wconf 87' lang='lat' dir='ltr'>cum</span> <span class='ocrx_word' id='word_1_43' title='bbox 576 1419 685 1556; x_wconf 88' lang='lat' dir='ltr'>ipsu</span> <span class='ocrx_word' id='word_1_44' title='bbox 682 1439 832 1514; x_wconf 87' lang='lat' dir='ltr'>ornatu,</span> <span class='ocrx_word' id='word_1_45' title='bbox 880 1423 920 1500; x_wconf 77' lang='lat' dir='ltr'>bc</span> <span class='ocrx_word' id='word_1_46' title='bbox 956 1421 1103 1502; x_wconf 78' lang='lat' dir='ltr'>cithara</span> <span class='ocrx_word' id='word_1_47' title='bbox 1121 1450 1215 1510; x_wconf 90' lang='lat' dir='ltr'>ena</span> <span class='ocrx_word' id='word_1_48' title='bbox 1287 1519 1294 1528; x_wconf 20' lang='grc' dir='ltr'>ἱ</span> <span class='ocrx_word' id='word_1_49' title='bbox 1434 1515 1435 1524; x_wconf 15' lang='lat'>¹</span> 
     </span>
    </p>
   </div>
   <div class='ocr_carea' id='block_1_7' title="bbox 62 1527 1216 2193">
    <p class='ocr_par' dir='ltr' id='par_1_7' title="bbox 62 1527 1216 2193">
     <span class='ocr_line' id='line_1_10' title="bbox 165 1527 1214 1642; baseline 0.002 -32"><span class='ocrx_word' id='word_1_50' title='bbox 165 1534 265 1628; x_wconf 82' lang='lat' dir='ltr'>rasti,</span> <span class='ocrx_word' id='word_1_51' title='bbox 310 1527 434 1640; x_wconf 86' lang='lat' dir='ltr'>neque</span> <span class='ocrx_word' id='word_1_52' title='bbox 463 1531 565 1610; x_wconf 85' lang='lat' dir='ltr'>illum</span> <span class='ocrx_word' id='word_1_53' title='bbox 593 1533 758 1611; x_wconf 83' lang='lat' dir='ltr'>annutis</span> <span class='ocrx_word' id='word_1_54' title='bbox 792 1529 928 1612; x_wconf 68' lang='lat' dir='ltr'>misere</span> <span class='ocrx_word' id='word_1_55' title='bbox 958 1535 1067 1642; x_wconf 92' lang='lat' dir='ltr'>perdi</span> <span class='ocrx_word' id='word_1_56' title='bbox 1090 1533 1214 1640; x_wconf 82' lang='lat' dir='ltr'>paffus</span> 
     </span>
     <span class='ocr_line' id='line_1_11' title="bbox 164 1641 1213 1749; baseline 0.001 -28"><span class='ocrx_word' id='word_1_57' title='bbox 164 1669 219 1724; x_wconf 86' lang='lat' dir='ltr'>es.</span> <span class='ocrx_word' id='word_1_58' title='bbox 278 1645 392 1722; x_wconf 77' lang='lat' dir='ltr'>Dee.</span> <span class='ocrx_word' id='word_1_59' title='bbox 413 1641 524 1720; x_wconf 88' lang='lat' dir='ltr'>Ne</span> <span class='ocrx_word' id='word_1_60' title='bbox 494 1669 656 1734; x_wconf 84' lang='lat' dir='ltr'>mrrerrs</span> <span class='ocrx_word' id='word_1_61' title='bbox 677 1641 876 1749; x_wconf 89' lang='lat' dir='ltr'>Neptune,</span> <span class='ocrx_word' id='word_1_62' title='bbox 906 1643 1213 1723; x_wconf 80' lang='lat' dir='ltr'>noshominibus</span> 
     </span>
     <span class='ocr_line' id='line_1_12' title="bbox 62 1751 1214 1862; baseline 0.001 -30"><span class='ocrx_word' id='word_1_63' title='bbox 62 1779 64 1788; x_wconf 74' lang='grc'>’</span> <span class='ocrx_word' id='word_1_64' title='bbox 164 1753 402 1845; x_wconf 84' lang='lat' dir='ltr'>benefacere,</span> <span class='ocrx_word' id='word_1_65' title='bbox 445 1765 535 1833; x_wconf 89' lang='lat' dir='ltr'>curn</span> <span class='ocrx_word' id='word_1_66' title='bbox 556 1777 605 1830; x_wconf 85' lang='lat' dir='ltr'>ex</span> <span class='ocrx_word' id='word_1_67' title='bbox 621 1751 845 1832; x_wconf 87' lang='lat' dir='ltr'>hominibus</span> <span class='ocrx_word' id='word_1_68' title='bbox 881 1755 999 1860; x_wconf 84' lang='lat' dir='ltr'>pisces</span> <span class='ocrx_word' id='word_1_69' title='bbox 1025 1754 1094 1862; x_wconf 89' lang='lat' dir='ltr'>ipfi</span> <span class='ocrx_word' id='word_1_70' title='bbox 1120 1753 1214 1833; x_wconf 63' lang='lat' dir='ltr'>faeti</span> 
     </span>
     <span class='ocr_line' id='line_1_13' title="bbox 162 1849 1214 1974; baseline 0 -31"><span class='ocrx_word' id='word_1_71' title='bbox 162 1867 295 1943; x_wconf 88' lang='lat' dir='ltr'>fimus.</span> <span class='ocrx_word' id='word_1_72' title='bbox 355 1865 502 1942; x_wconf 77' lang='lat' dir='ltr'>Nner.</span> <span class='ocrx_word' id='word_1_73' title='bbox 532 1849 1214 1974; x_wconf 86' lang='lat' dir='ltr'>AtqueequidemBacchumrepre-</span> 
     </span>
     <span class='ocr_line' id='line_1_14' title="bbox 165 1973 1215 2162; baseline 0.003 -109"><span class='ocrx_word' id='word_1_74' title='bbox 165 1975 309 2064; x_wconf 89' lang='lat' dir='ltr'>hendo,</span> <span class='ocrx_word' id='word_1_75' title='bbox 354 1973 460 2082; x_wconf 78' lang='lat' dir='ltr'>quod</span> <span class='ocrx_word' id='word_1_76' title='bbox 492 2000 558 2053; x_wconf 87' lang='lat' dir='ltr'>vos</span> <span class='ocrx_word' id='word_1_77' title='bbox 595 1975 720 2054; x_wconf 88' lang='lat' dir='ltr'>navali</span> <span class='ocrx_word' id='word_1_78' title='bbox 734 1975 914 2162; x_wconf 70' lang='lat' dir='ltr'>praelio</span> <span class='ocrx_word' id='word_1_79' title='bbox 928 1976 1120 2082; x_wconf 85' lang='lat' dir='ltr'>superatos</span> <span class='ocrx_word' id='word_1_80' title='bbox 1157 1976 1215 2056; x_wconf 86' lang='lat' dir='ltr'>ita</span> 
     </span>
     <span class='ocr_line' id='line_1_15' title="bbox 166 2059 1216 2193; baseline 0.003 -30"><span class='ocrx_word' id='word_1_81' title='bbox 166 2083 466 2176; x_wconf 82' lang='lat' dir='ltr'>transformavit,</span> <span class='ocrx_word' id='word_1_82' title='bbox 514 2081 606 2164; x_wconf 77' lang='lat' dir='ltr'>curn</span> <span class='ocrx_word' id='word_1_83' title='bbox 627 2059 743 2164; x_wconf 82' lang='lat' dir='ltr'>debui</span> <span class='ocrx_word' id='word_1_84' title='bbox 776 2103 813 2163; x_wconf 91' lang='lat' dir='ltr'>et</span> <span class='ocrx_word' id='word_1_85' title='bbox 843 2080 996 2164; x_wconf 74' lang='lat' dir='ltr'>solum</span> <span class='ocrx_word' id='word_1_86' title='bbox 985 2113 1024 2163; x_wconf 88' lang='lat' dir='ltr'>rn</span> <span class='ocrx_word' id='word_1_87' title='bbox 1045 2087 1216 2193; x_wconf 87' lang='lat' dir='ltr'>potesta·</span> 
     </span>
    </p>
   </div>
   <div class='ocr_carea' id='block_1_8' title="bbox 164 2195 1285 2416">
    <p class='ocr_par' dir='ltr' id='par_1_8' title="bbox 164 2195 1285 2416">
     <span class='ocr_line' id='line_1_16' title="bbox 166 2195 1221 2304; baseline 0.002 -30"><span class='ocrx_word' id='word_1_88' title='bbox 166 2216 245 2274; x_wconf 89' lang='lat' dir='ltr'>tem</span> <span class='ocrx_word' id='word_1_89' title='bbox 261 2197 442 2304; x_wconf 84' lang='lat' dir='ltr'>redigere,</span> <span class='ocrx_word' id='word_1_90' title='bbox 473 2197 805 2303; x_wconf 83' lang='lat' dir='ltr'>quemadmodum</span> <span class='ocrx_word' id='word_1_91' title='bbox 823 2195 941 2274; x_wconf 80' lang='lat' dir='ltr'>alios</span> <span class='ocrx_word' id='word_1_92' title='bbox 930 2219 970 2272; x_wconf 91' lang='lat' dir='ltr'>rn</span> <span class='ocrx_word' id='word_1_93' title='bbox 984 2196 1221 2302; x_wconf 86' lang='lat' dir='ltr'>potestatem</span> 
     </span>
     <span class='ocr_line' id='line_1_17' title="bbox 164 2303 1285 2416; baseline 0.002 -31"><span class='ocrx_word' id='word_1_94' title='bbox 164 2309 325 2414; x_wconf 86' lang='lat' dir='ltr'>redegit.</span> <span class='ocrx_word' id='word_1_95' title='bbox 384 2307 455 2385; x_wconf 81' lang='lat' dir='ltr'>Sed</span> <span class='ocrx_word' id='word_1_96' title='bbox 476 2333 554 2416; x_wconf 93' lang='lat' dir='ltr'>quo</span> <span class='ocrx_word' id='word_1_97' title='bbox 567 2311 695 2414; x_wconf 72' lang='lat' dir='ltr'>paeto</span> <span class='ocrx_word' id='word_1_98' title='bbox 724 2306 827 2416; x_wconf 91' lang='lat' dir='ltr'>quod</span> <span class='ocrx_word' id='word_1_99' title='bbox 844 2303 936 2384; x_wconf 90' lang='lat' dir='ltr'>hurc</span> <span class='ocrx_word' id='word_1_100' title='bbox 957 2307 1092 2385; x_wconf 85' lang='lat' dir='ltr'>Arronr</span> <span class='ocrx_word' id='word_1_101' title='bbox 1107 2331 1212 2386; x_wconf 85' lang='lat' dir='ltr'>acer</span> <span class='ocrx_word' id='word_1_102' title='bbox 1282 2323 1285 2330; x_wconf 74' lang='grc'>“</span> 
     </span>
    </p>
   </div>
   <div class='ocr_carea' id='block_1_9' title="bbox 165 2416 1212 2526">
    <p class='ocr_par' dir='ltr' id='par_1_9' title="bbox 165 2416 1212 2526">
     <span class='ocr_line' id='line_1_18' title="bbox 165 2416 1212 2526; baseline 0 -31"><span class='ocrx_word' id='word_1_103' title='bbox 165 2420 237 2510; x_wconf 91' lang='lat' dir='ltr'>dit,</span> <span class='ocrx_word' id='word_1_104' title='bbox 258 2419 331 2496; x_wconf 87' lang='lat' dir='ltr'>sese</span> <span class='ocrx_word' id='word_1_105' title='bbox 346 2417 476 2511; x_wconf 87' lang='lat' dir='ltr'>habet</span> <span class='ocrx_word' id='word_1_106' title='bbox 498 2417 697 2526; x_wconf 84' lang='lat' dir='ltr'>Delphin?</span> <span class='ocrx_word' id='word_1_107' title='bbox 755 2417 870 2496; x_wconf 72' lang='lat' dir='ltr'>Dee.</span> <span class='ocrx_word' id='word_1_108' title='bbox 887 2416 1101 2509; x_wconf 85' lang='lat' dir='ltr'>Periander,</span> <span class='ocrx_word' id='word_1_109' title='bbox 1122 2420 1212 2524; x_wconf 91' lang='lat' dir='ltr'>opi-</span> 
     </span>
    </p>
   </div>
   <div class='ocr_carea' id='block_1_10' title="bbox 164 2527 1434 2646">
    <p class='ocr_par' dir='ltr' id='par_1_10' title="bbox 164 2527 1434 2646">
     <span class='ocr_line' id='line_1_19' title="bbox 164 2527 1434 2646; baseline -0.001 -38"><span class='ocrx_word' id='word_1_110' title='bbox 164 2557 249 2621; x_wconf 92' lang='lat' dir='ltr'>nor,</span> <span class='ocrx_word' id='word_1_111' title='bbox 280 2529 537 2608; x_wconf 68' lang='lat' dir='ltr'>delectabatur</span> <span class='ocrx_word' id='word_1_112' title='bbox 555 2527 650 2638; x_wconf 86' lang='lat' dir='ltr'>rpso</span> <span class='ocrx_word' id='word_1_113' title='bbox 693 2529 740 2608; x_wconf 76' lang='grc' dir='ltr'>δι’</span> <span class='ocrx_word' id='word_1_114' title='bbox 750 2555 840 2607; x_wconf 89' lang='lat' dir='ltr'>eum</span> <span class='ocrx_word' id='word_1_115' title='bbox 866 2529 956 2606; x_wconf 84' lang='lat' dir='ltr'>artis</span> <span class='ocrx_word' id='word_1_116' title='bbox 976 2529 1096 2635; x_wconf 85' lang='lat' dir='ltr'>grana</span> <span class='ocrx_word' id='word_1_117' title='bbox 1114 2527 1210 2634; x_wconf 84' lang='lat' dir='ltr'>saepe</span> <span class='ocrx_word' id='word_1_118' title='bbox 1308 2544 1311 2548; x_wconf 86' lang='grc'><strong>’</strong></span> <span class='ocrx_word' id='word_1_119' title='bbox 1433 2637 1434 2646; x_wconf 14' lang='lat'>¹</span> 
     </span>
    </p>
   </div>
   <div class='ocr_carea' id='block_1_11' title="bbox 139 2632 1211 2968">
    <p class='ocr_par' dir='ltr' id='par_1_11' title="bbox 139 2632 1211 2968">
     <span class='ocr_line' id='line_1_20' title="bbox 164 2632 1211 2748; baseline -0.002 -29"><span class='ocrx_word' id='word_1_120' title='bbox 164 2632 391 2720; x_wconf 86' lang='lat' dir='ltr'>accersebat.</span> <span class='ocrx_word' id='word_1_121' title='bbox 467 2642 539 2720; x_wconf 90' lang='lat' dir='ltr'>Ille</span> <span class='ocrx_word' id='word_1_122' title='bbox 559 2659 687 2720; x_wconf 88' lang='lat' dir='ltr'>autem</span> <span class='ocrx_word' id='word_1_123' title='bbox 719 2669 738 2719; x_wconf 90' lang='lat' dir='ltr'>a</span> <span class='ocrx_word' id='word_1_124' title='bbox 772 2657 933 2748; x_wconf 91' lang='lat' dir='ltr'>tyranno</span> <span class='ocrx_word' id='word_1_125' title='bbox 954 2642 1110 2731; x_wconf 86' lang='lat' dir='ltr'>ditatus,</span> <span class='ocrx_word' id='word_1_126' title='bbox 1137 2643 1211 2720; x_wconf 90' lang='lat' dir='ltr'>do·</span> 
     </span>
     <span class='ocr_line' id='line_1_21' title="bbox 162 2751 1209 2878; baseline -0.003 -46"><span class='ocrx_word' id='word_1_127' title='bbox 162 2769 292 2832; x_wconf 91' lang='lat' dir='ltr'>mum</span> <span class='ocrx_word' id='word_1_128' title='bbox 305 2754 345 2830; x_wconf 94' lang='lat' dir='ltr'>in</span> <span class='ocrx_word' id='word_1_129' title='bbox 365 2752 643 2878; x_wconf 85' lang='lat' dir='ltr'>Methymnam</span> <span class='ocrx_word' id='word_1_130' title='bbox 663 2751 854 2857; x_wconf 84' lang='lat' dir='ltr'>navigare,</span> <span class='ocrx_word' id='word_1_131' title='bbox 897 2753 937 2831; x_wconf 76' lang='lat' dir='ltr'>bc</span> <span class='ocrx_word' id='word_1_132' title='bbox 957 2752 1107 2830; x_wconf 86' lang='lat' dir='ltr'>divitias</span> <span class='ocrx_word' id='word_1_133' title='bbox 1128 2753 1209 2830; x_wconf 81' lang='lat' dir='ltr'>suas</span> 
     </span>
     <span class='ocr_line' id='line_1_22' title="bbox 139 2860 1209 2968; baseline -0.003 -27"><span class='ocrx_word' id='word_1_134' title='bbox 139 2863 348 2941; x_wconf 82' lang='lat' dir='ltr'>‘ostentare</span> <span class='ocrx_word' id='word_1_135' title='bbox 380 2861 612 2968; x_wconf 90' lang='lat' dir='ltr'>concupivit.</span> <span class='ocrx_word' id='word_1_136' title='bbox 680 2864 741 2940; x_wconf 91' lang='lat' dir='ltr'>Ac</span> <span class='ocrx_word' id='word_1_137' title='bbox 775 2862 977 2941; x_wconf 87' lang='lat' dir='ltr'>conscenso</span> <span class='ocrx_word' id='word_1_138' title='bbox 1007 2860 1209 2940; x_wconf 85' lang='lat' dir='ltr'>scelerato-</span> 
     </span>
    </p>
   </div>
   <div class='ocr_carea' id='block_1_12' title="bbox 131 2967 1318 3190">
    <p class='ocr_par' dir='ltr' id='par_1_12' title="bbox 131 2967 1318 3190">
     <span class='ocr_line' id='line_1_23' title="bbox 131 2967 1318 3100; baseline 0.003 -52"><span class='ocrx_word' id='word_1_139' title='bbox 131 3036 136 3048; x_wconf 69' lang='lat'>,</span> <span class='ocrx_word' id='word_1_140' title='bbox 163 2999 251 3051; x_wconf 90' lang='lat' dir='ltr'>rum</span> <span class='ocrx_word' id='word_1_141' title='bbox 272 2973 514 3079; x_wconf 88' lang='lat' dir='ltr'>quorundam</span> <span class='ocrx_word' id='word_1_142' title='bbox 540 2970 747 3051; x_wconf 89' lang='lat' dir='ltr'>hominum</span> <span class='ocrx_word' id='word_1_143' title='bbox 764 2973 931 3100; x_wconf 81' lang='lat' dir='ltr'>navigio,</span> <span class='ocrx_word' id='word_1_144' title='bbox 962 2967 1208 3080; x_wconf 89' lang='lat' dir='ltr'>posteaquam</span> <span class='ocrx_word' id='word_1_145' title='bbox 1314 3062 1318 3070; x_wconf 44' lang='grc'>,</span> 
     </span>
     <span class='ocr_line' id='line_1_24' title="bbox 160 3080 1256 3190; baseline -0.002 -29"><span class='ocrx_word' id='word_1_146' title='bbox 160 3083 345 3161; x_wconf 90' lang='lat' dir='ltr'>indicavit</span> <span class='ocrx_word' id='word_1_147' title='bbox 370 3083 405 3159; x_wconf 85' lang='lat' dir='ltr'>se</span> <span class='ocrx_word' id='word_1_148' title='bbox 425 3080 595 3162; x_wconf 90' lang='lat' dir='ltr'>multum</span> <span class='ocrx_word' id='word_1_149' title='bbox 616 3081 919 3190; x_wconf 82' lang='lat' dir='ltr'>aur1&amp;argenti</span> <span class='ocrx_word' id='word_1_150' title='bbox 940 3081 1067 3162; x_wconf 88' lang='lat' dir='ltr'>secum</span> <span class='ocrx_word' id='word_1_151' title='bbox 1093 3081 1205 3174; x_wconf 86' lang='lat' dir='ltr'>ferre,</span> <span class='ocrx_word' id='word_1_152' title='bbox 1251 3170 1256 3182; x_wconf 26' lang='grc' dir='ltr'><strong><em>Ι</em></strong></span> 
     </span>
    </p>
   </div>
   <div class='ocr_carea' id='block_1_13' title="bbox 161 3187 1205 3300">
    <p class='ocr_par' dir='ltr' id='par_1_13' title="bbox 161 3187 1205 3300">
     <span class='ocr_line' id='line_1_25' title="bbox 161 3187 1205 3300; baseline 0.001 -30"><span class='ocrx_word' id='word_1_153' title='bbox 161 3195 230 3271; x_wconf 90' lang='lat' dir='ltr'>ubi</span> <span class='ocrx_word' id='word_1_154' title='bbox 279 3193 327 3269; x_wconf 89' lang='lat' dir='ltr'>ad</span> <span class='ocrx_word' id='word_1_155' title='bbox 378 3195 553 3270; x_wconf 88' lang='lat' dir='ltr'>medium</span> <span class='ocrx_word' id='word_1_156' title='bbox 589 3187 714 3270; x_wconf 70' lang='lat' dir='ltr'>ferme</span> <span class='ocrx_word' id='word_1_157' title='bbox 772 3193 939 3300; x_wconf 83' lang='lat' dir='ltr'>AEgeum</span> <span class='ocrx_word' id='word_1_158' title='bbox 977 3209 1205 3298; x_wconf 88' lang='lat' dir='ltr'>perventum</span> 
     </span>
    </p>
   </div>
   <div class='ocr_carea' id='block_1_14' title="bbox 142 3299 1268 3522">
    <p class='ocr_par' dir='ltr' id='par_1_14' title="bbox 142 3299 1268 3522">
     <span class='ocr_line' id='line_1_26' title="bbox 159 3299 1229 3432; baseline 0.001 -51"><span class='ocrx_word' id='word_1_159' title='bbox 159 3303 456 3396; x_wconf 81' lang='lat' dir='ltr'>fnit,ins1diari</span> <span class='ocrx_word' id='word_1_160' title='bbox 485 3304 543 3380; x_wconf 92' lang='lat' dir='ltr'>illi</span> <span class='ocrx_word' id='word_1_161' title='bbox 572 3319 709 3381; x_wconf 83' lang='lat' dir='ltr'>nautae</span> <span class='ocrx_word' id='word_1_162' title='bbox 710 3321 946 3432; x_wconf 74' lang='lat' dir='ltr'>coeperunt.</span> <span class='ocrx_word' id='word_1_163' title='bbox 1024 3300 1096 3379; x_wconf 87' lang='lat' dir='ltr'>Ille</span> <span class='ocrx_word' id='word_1_164' title='bbox 1115 3299 1229 3406; x_wconf 78' lang='lat' dir='ltr'>verh¹</span> 
     </span>
     <span class='ocr_line' id='line_1_27' title="bbox 142 3407 1268 3522; baseline 0.002 -32"><span class='ocrx_word' id='word_1_165' title='bbox 142 3411 441 3520; x_wconf 54' lang='lat' dir='ltr'>(auscultabam</span> <span class='ocrx_word' id='word_1_166' title='bbox 473 3415 580 3494; x_wconf 90' lang='lat' dir='ltr'>enim</span> <span class='ocrx_word' id='word_1_167' title='bbox 613 3413 744 3493; x_wconf 89' lang='lat' dir='ltr'>omnia</span> <span class='ocrx_word' id='word_1_168' title='bbox 766 3433 878 3522; x_wconf 80' lang='lat' dir='ltr'>Juxta</span> <span class='ocrx_word' id='word_1_169' title='bbox 896 3439 1094 3518; x_wconf 77' lang='lat' dir='ltr'>navigium</span> <span class='ocrx_word' id='word_1_170' title='bbox 1130 3439 1205 3500; x_wconf 89' lang='lat' dir='ltr'>na·</span> <span class='ocrx_word' id='word_1_171' title='bbox 1217 3493 1221 3498; x_wconf 84' lang='grc'>,</span> <span class='ocrx_word' id='word_1_172' title='bbox 1265 3407 1268 3422; x_wconf 73' lang='grc'><strong>”</strong></span> 
     </span>
    </p>
   </div>
   <div class='ocr_carea' id='block_1_15' title="bbox 159 3506 1203 3631">
    <p class='ocr_par' dir='ltr' id='par_1_15' title="bbox 159 3506 1203 3631">
     <span class='ocr_line' id='line_1_28' title="bbox 159 3506 1203 3631; baseline -0.003 -28"><span class='ocrx_word' id='word_1_173' title='bbox 159 3521 295 3624; x_wconf 87' lang='lat' dir='ltr'>tando)</span> <span class='ocrx_word' id='word_1_174' title='bbox 325 3524 509 3630; x_wconf 85' lang='lat' dir='ltr'>quoniam</span> <span class='ocrx_word' id='word_1_175' title='bbox 524 3523 599 3604; x_wconf 91' lang='lat' dir='ltr'>hoc</span> <span class='ocrx_word' id='word_1_176' title='bbox 617 3524 757 3606; x_wconf 86' lang='lat' dir='ltr'>vobis</span> <span class='ocrx_word' id='word_1_177' title='bbox 745 3546 800 3625; x_wconf 80' lang='lat' dir='ltr'>ita</span> <span class='ocrx_word' id='word_1_178' title='bbox 819 3523 941 3606; x_wconf 87' lang='lat' dir='ltr'>visum</span> <span class='ocrx_word' id='word_1_179' title='bbox 961 3525 1028 3613; x_wconf 90' lang='lat' dir='ltr'>est,</span> <span class='ocrx_word' id='word_1_180' title='bbox 1058 3506 1203 3631; x_wconf 92' lang='lat' dir='ltr'>inquit,</span> 
     </span>
    </p>
   </div>
   <div class='ocr_carea' id='block_1_16' title="bbox 29 3632 1203 3741">
    <p class='ocr_par' dir='ltr' id='par_1_16' title="bbox 29 3632 1203 3741">
     <span class='ocr_line' id='line_1_29' title="bbox 29 3632 1203 3741; baseline 0.003 -31"><span class='ocrx_word' id='word_1_181' title='bbox 29 3697 31 3710; x_wconf 90' lang='lat'><em>.</em></span> <span class='ocrx_word' id='word_1_182' title='bbox 109 3691 113 3700; x_wconf 83' lang='lat'><em>·</em></span> <span class='ocrx_word' id='word_1_183' title='bbox 157 3654 197 3715; x_wconf 87' lang='lat' dir='ltr'>at</span> <span class='ocrx_word' id='word_1_184' title='bbox 230 3638 299 3715; x_wconf 82' lang='lat' dir='ltr'>m&#39;e</span> <span class='ocrx_word' id='word_1_185' title='bbox 331 3635 460 3713; x_wconf 90' lang='lat' dir='ltr'>saltem</span> <span class='ocrx_word' id='word_1_186' title='bbox 494 3632 684 3741; x_wconf 83' lang='lat' dir='ltr'>affumptu</span> <span class='ocrx_word' id='word_1_187' title='bbox 727 3655 877 3729; x_wconf 89' lang='lat' dir='ltr'>ornato,</span> <span class='ocrx_word' id='word_1_188' title='bbox 924 3634 963 3713; x_wconf 72' lang='grc' dir='ltr'>δε</span> <span class='ocrx_word' id='word_1_189' title='bbox 1000 3633 1203 3714; x_wconf 86' lang='lat' dir='ltr'>decantato</span> 
     </span>
    </p>
   </div>
   <div class='ocr_carea' id='block_1_17' title="bbox 152 3743 1203 3853">
    <p class='ocr_par' dir='ltr' id='par_1_17' title="bbox 152 3743 1203 3853">
     <span class='ocr_line' id='line_1_30' title="bbox 152 3743 1203 3853; baseline -0.003 -30"><span class='ocrx_word' id='word_1_190' title='bbox 152 3743 266 3853; x_wconf 86' lang='lat' dir='ltr'>prius</span> <span class='ocrx_word' id='word_1_191' title='bbox 298 3743 396 3824; x_wconf 90' lang='lat' dir='ltr'>mihi</span> <span class='ocrx_word' id='word_1_192' title='bbox 433 3744 500 3852; x_wconf 89' lang='lat' dir='ltr'>ipfi</span> <span class='ocrx_word' id='word_1_193' title='bbox 534 3743 688 3825; x_wconf 86' lang='lat' dir='ltr'>funebri</span> <span class='ocrx_word' id='word_1_194' title='bbox 720 3745 850 3851; x_wconf 89' lang='lat' dir='ltr'>aliquo</span> <span class='ocrx_word' id='word_1_195' title='bbox 889 3747 1072 3837; x_wconf 83' lang='lat' dir='ltr'>carmine,</span> <span class='ocrx_word' id='word_1_196' title='bbox 1134 3772 1203 3821; x_wconf 89' lang='lat' dir='ltr'>vo-</span> 
     </span>
    </p>
   </div>
   <div class='ocr_carea' id='block_1_18' title="bbox 157 3843 1360 3962">
    <p class='ocr_par' dir='ltr' id='par_1_18' title="bbox 157 3843 1360 3962">
     <span class='ocr_line' id='line_1_31' title="bbox 157 3843 1360 3962; baseline -0.005 -28"><span class='ocrx_word' id='word_1_197' title='bbox 157 3863 304 3937; x_wconf 79' lang='lat' dir='ltr'>lentem</span> <span class='ocrx_word' id='word_1_198' title='bbox 330 3855 442 3935; x_wconf 74' lang='lat' dir='ltr'>dinite</span> <span class='ocrx_word' id='word_1_199' title='bbox 479 3858 715 3962; x_wconf 82' lang='lat' dir='ltr'>praecrprtare</span> <span class='ocrx_word' id='word_1_200' title='bbox 734 3855 940 3960; x_wconf 77' lang='lat' dir='ltr'>meipsum</span> <span class='ocrx_word' id='word_1_201' title='bbox 998 3854 1201 3936; x_wconf 83' lang='lat' dir='ltr'>Conceffe-</span> <span class='ocrx_word' id='word_1_202' title='bbox 1229 3951 1234 3960; x_wconf 26' lang='grc'>1</span> <span class='ocrx_word' id='word_1_203' title='bbox 1356 3843 1360 3853; x_wconf 68' lang='grc'>’</span> 
     </span>
    </p>
   </div>
   <div class='ocr_carea' id='block_1_19' title="bbox 157 3965 1200 4201">
    <p class='ocr_par' dir='ltr' id='par_1_19' title="bbox 157 3965 1199 4158">
     <span class='ocr_line' id='line_1_32' title="bbox 157 3965 1199 4158; baseline -0.002 -112"><span class='ocrx_word' id='word_1_204' title='bbox 157 3985 247 4049; x_wconf 88' lang='lat' dir='ltr'>runt</span> <span class='ocrx_word' id='word_1_205' title='bbox 273 3987 411 4054; x_wconf 82' lang='lat' dir='ltr'>nautae.</span> <span class='ocrx_word' id='word_1_206' title='bbox 461 3967 591 4047; x_wconf 85' lang='lat' dir='ltr'>Tum</span> <span class='ocrx_word' id='word_1_207' title='bbox 611 3965 677 4049; x_wconf 86' lang='lat' dir='ltr'>ille</span> <span class='ocrx_word' id='word_1_208' title='bbox 697 3965 889 4074; x_wconf 82' lang='lat' dir='ltr'>affumpsrt</span> <span class='ocrx_word' id='word_1_209' title='bbox 920 3984 1137 4158; x_wconf 86' lang='lat' dir='ltr'>ornatum,s</span> <span class='ocrx_word' id='word_1_210' title='bbox 1160 3967 1199 4044; x_wconf 73' lang='grc' dir='ltr'>δε</span> 
     </span>
     <span class='ocr_line' id='line_1_33' title="bbox 1132 4099 1200 4201; baseline 0 -49"><span class='ocrx_word' id='word_1_211' title='bbox 1132 4099 1200 4201; x_wconf 85' lang='lat' dir='ltr'>ua</span> 
     </span>
    </p>
   </div>
   <div class='ocr_carea' id='block_1_20' title="bbox 0 0 1446 4738">
    <p class='ocr_par' dir='ltr' id='par_1_20' title="bbox 0 0 1446 4738">
     <span class='ocr_line' id='line_1_34' title="bbox 0 0 1446 4738; baseline 0 3"><span class='ocrx_word' id='word_1_212' title='bbox 0 0 1446 4738; x_wconf 95' lang='lat' dir='ltr'> </span> 
     </span>
    </p>
   </div>
  </div>
 </body>
</html>
