2894 4720
179 257 261 370 Ι368
342 290 393 321 -’
502 257 901 340 LUCIANI
1015 267 1017 274 '

52 484 57 496 Ι
178 389 244 468 rit.
301 385 458 468 Mune.
483 386 574 490 Jam
592 389 712 496 igitur
744 388 919 468 Atticam
949 389 1144 485 adeamus,
1191 397 1235 480 ἔς

178 525 245 580 me
276 496 432 606 sequere
451 493 649 606 chlamydi
684 495 893 589 adhaerens,
932 502 1058 582 donec
1090 505 1137 583 ad
1168 530 1245 586 re*-

177 625 333 688 motum
361 633 495 716 agrum
524 633 743 714 pervenero.
802 609 947 690 Puuu.
977 611 1100 727 qub
1118 613 1229 710 sacis,

177 719 369 810 Mercuri,
410 718 478 826 qui
498 743 562 796 me
590 747 708 800 manu
738 717 860 798 ducis.
918 720 1078 800 Etenim
1109 724 1135 803 sr
1162 753 1250 808 me·

153 828 376 920 desereres,
417 827 543 906 forsan
578 831 758 908 oberrans
786 831 828 910 in
859 831 1133 938 Hyperbolum
1162 845 1230 916 aut

175 937 365 1018 Cleonem
397 936 621 1032 inciderem.
687 941 875 1046 Sedquis
912 941 978 1020 hic
1006 941 1118 1022 sonus
1156 949 1227 1038 est,

176 1049 282 1130 velut
332 1047 438 1144 ferri,
473 1047 789 1158 saxoimpaclii
874 1051 1025 1130 Mune.
1075 1055 1268 1138 Timon.

59 1179 62 1188 ·
175 1159 243 1238 ille
276 1185 397 1266 prope
436 1181 666 1240 montanum
696 1163 736 1238 dc
765 1161 995 1268 petricosum
1027 1161 1125 1243 fodit
1163 1167 1227 1244 so-

174 1269 274 1348 lum.
332 1269 467 1376 Papae!
498 1272 537 1348 bc
561 1271 766 1378 Paupertas
786 1271 900 1364 adest,
931 1274 969 1352 δε
989 1274 1115 1354 Labor
1135 1276 1222 1368 illua

73 1429 77 1440 ·
174 1397 260 1458 tum
285 1379 435 1485 Robur,
482 1382 687 1488 Sapientia,
725 1383 943 1474 Fortitudo,
987 1385 1083 1464 &id
1103 1413 1225 1494 genus

53 1499 54 1502 ‘
175 1491 303 1588 turba,
354 1491 537 1572 omnibus
580 1491 651 1595 sub
688 1493 820 1572 Famis
866 1496 974 1600 signo
1018 1495 1225 1588 instrueris,

174 1597 292 1706 longe
325 1603 557 1708 praestantior
585 1599 704 1710 quarn
742 1605 799 1682 tui
830 1602 1019 1684 satellites.
1074 1607 1222 1687 Pron.

175 1713 328 1816 Qidni
355 1714 473 1818 igitur
502 1709 817 1821 quimocyffimb
836 1715 1079 1806 discedimus,
1110 1716 1225 1796 Mer-

175 1823 282 1900 curi?
326 1849 451 1929 neque
484 1827 588 1902 enim
615 1825 827 1932 quicquam
857 1825 1109 1904 memorabile
1129 1855 1226 1934 prae-

173 1932 380 2014 stiterimus
414 1961 507 2012 cum
542 1933 703 2012 homine
742 1935 882 2012 v'allato
912 1936 1123 2018 istiusmodi
1152 1964 1225 2016 ex·-

172 2045 307 2120 ercitu.
376 2043 524 2122 Mune.
566 2045 680 2121 Secus
707 2045 830 2122 visunt
865 2045 918 2122 est
948 2047 1059 2145 lovi:
1103 2073 1223 2154 quate
1314 2061 1324 2072 “

163 2151 270 2229 nihil
305 2170 568 2246 metuamus...
597 2155 677 2232 ΡΑ.
708 2151 891 2258 anam
922 2157 1051 2246 istum,
1096 2160 1223 2264 Argi-1

172 2263 271 2354 cida,
304 2289 419 2340 manu
441 2263 619 2344 adducis?
676 2265 830 2344 Mune.
863 2267 925 2343 Ad
945 2266 1221 2347 huncTimo-

24 2399 34 2430 ι
170 2400 262 2462 nern
302 2401 323 2451 a
355 2375 451 2479 Jove
488 2376 585 2454 misit
618 2375 762 2454 sumus.
794 2453 798 2463 ,
839 2373 1077 2459 ΡΑ.,Ιιάιιε
1112 2406 1217 2460 nunc

172 2483 310 2564 Plutus
355 2487 400 2562 ad
440 2486 668 2576 Timonem,
718 2487 963 2594 posteaquam
998 2515 1069 2595 ego
1093 2491 1221 2596 ipsum

171 2617 281 2674 antea
311 2595 460 2674 deliciis
492 2595 593 2676 male
624 2619 849 2704 corruptum
871 2597 1035 2705 suscepi:
1084 2599 1124 2678 sc
1143 2600 1220 2694 his,

123 2692 129 2712 '
170 2693 349 2786 'videlicet
369 2708 567 2812 Sapientia
593 2711 631 2788 dc
652 2708 808 2808 Labori,
832 2709 1040 2800 traditum,
1068 2709 1219 2789 strenu-

106 2833 107 2838 ’
170 2841 239 2902 um
284 2815 476 2922 multique
525 2819 637 2924 pretii
684 2820 810 2896 virum
854 2821 1026 2898 reddidi?
1074 2817 1220 2900 adedne

170 2923 429 3033 despicienda,
471 2930 697 3034 injuriaeque
730 2929 871 3008 idonea·
887 2929 1090 3038 Paupertas
1110 2933 1220 3011 vobis
1250 2966 1253 2983 ¹

85 3071 88 3078 ·
130 3037 314 3125 .videor,
359 3025 401 3112 ut
435 3035 554 3128 hunc,
590 3037 680 3145 ¹quae
708 3038 807 3118 mihi
838 3041 950 3118 unica
979 3039 1218 3150 eratposles-
1351 3065 1355 3073 “

168 3147 235 3236 iio,
275 3147 458 3250 eripiatis,
496 3149 578 3252 jam
601 3143 832 3229 exactissime
851 3148 942 3233 curie
968 3151 1013 3230 ad
1034 3153 1218 3238 virtutem

110 3287 111 3290 ¹
168 3253 391 3332 excultum?
451 3278 491 3334 ut
522 3257 656 3338 Plutus
686 3258 800 3357 illum
833 3261 960 3338 denuo
997 3279 1215 3369 acceptum,
1278 3270 1282 3285 “

167 3367 207 3449 δε
238 3365 494 3446 Contumeliae
525 3372 564 3448 bc
590 3371 838 3474 'Arrogantiae
876 3371 1078 3464 traditum,
1125 3374 1217 3450 red—

67 3549 70 3559 .
169 3479 233 3557 dat
254 3475 385 3566 talem,
430 3481 553 3583 qualis
573 3480 669 3558 olim
689 3475 778 3571 fuit,
809 3482 985 3571 mollem,
1014 3485 1215 3588 ignavum,

166 3587 439 3691 stolidumque,
483 3609 567 3666 turn
601 3589 766 3694 denique
786 3591 884 3668 mihi
919 3593 1100 3682 restituat,
1145 3594 1216 3672 ubi

161 3702 244 3807 jam
273 3695 383 3775 nihili
403 3695 630 3778 saduserit.
672 3699 841 3788 [Mune
875 3701 950 3792 Sic,
992 3702 1215 3809 &Pauper-

165 3831 236 3902 tas,
280 3808 367 3914 Jovi
396 3809 580 3911 placitum
613 3809 680 3888 est.
749 3809 831 3888 ΡΑ.
861 3811 1058 3918 Equidem
1090 3817 1214 3892 abeo:

37 4010 39 4017 J
164 3922 204 4000 bc
224 3948 290 4000 vos
310 3917 451 4010 Labor,
497 3919 754 4026 &Sapientia
781 3921 996 4030 reliquique
1025 3924 1224 4033 sequimi-,

872 4077 879 4092 ι
1167 4059 1212 4112 ιιι
