2894 4720
205 262 289 381 4oo
446 305 449 310 ·
535 275 932 388 Luci-ANI
1011 307 1088 325 ··

209 405 402 494 libertatis·
432 413 633 506 memoria,
677 411 849 522 facitque
872 433 930 494 ‚ut
967 411 1162 495 interdum
1197 443 1264 496 re-

154 546 157 554 “
211 525 324 618 filias,
384 525 549 634 ideoque
578 526 618 610 in
656 523 1003 624 servitutemiserd
1036 541 1075 604 te
1102 524 1262 610 habeas.
1316 599 1318 601 ,
1427 535 1428 546 ἢ

209 635 296 716 Nisr
333 635 381 714 'ad
402 635 630 717 'libertatem
666 635 739 712 tibi
773 633 956 716 sufficere
979 653 1106 744 putas,
1151 627 1260 746 'quod
1427 647 1428 736 i

211 773 289 825 non
324 745 507 852 Pyrrhiae,
561 772 633 824 nec
665 745 895 852 Zopyrionis
930 745 976 824 srs
1013 745 1127 840 filius,
1150 743 1261 839 nec,
1427 737 1428 744 ἵ

211 859 269 936 uri
299 857 551 964 Bithynicum
583 857 740 964 aliquod
766 855 1022 964 mancipium,
1070 883 1260 966 apraeco-

209 994 260 1050 ne
288 965 520 1046 vociferante
538 964 770 1046 divenditus,
829 963 970 1075 Atqui,
1006 967 1072 1046 -vir
1091 970 1258 1076 optime,
1277 997 1292 1060 '.

185 1094 335 1186 *quum
367 1076 529 1156 instante
557 1069 757 1156 novilunio
785 1077 954 1184 Pyrrhia
984 1079 1023 1158 dc
1057 1077 1256 1186 Zopyrio-

196 1189 252 1278 ⁴ni
272 1183 524 1278 commixtus,
571 1214 732 1269 manum
758 1187 909 1279 itidem,
955 1209 998 1268 ut
1018 1184 1083 1266 alii
1101 1185 1256 1282 famuli,

209 1295 388 1408 porrigis,
430 1295 612 1406 capisque
628 1301 888 1407 quodcunque
907 1293 1005 1380 illud
1023 1299 1077 1378 est
1096 1298 1255 1384 tandem

210 1409 316 1517 quod
337 1409 460 1502 datur,
502 1407 585 1488 haec
619 1411 672 1488 est
702 1411 888 1490 venditio.
947 1409 1054 1488 Nam
1080 1413 1262 1516 praecone.

209 1519 310 1599 nihil
355 1545 451 1626 opus
489 1537 569 1608 erat
605 1516 650 1599 ad
689 1519 892 1600 hominem
940 1517 1007 1626 qni
1047 1517 1106 1598 fui
1138 1517 1256 1599 fuerit

210 1657 350 1739 preco,
395 1627 598 1738 multdque
636 1650 809 1739 tempore
842 1629 912 1738 ipfi
947 1630 1014 1708 fibi
1048 1631 1256 1729 dominum

209 1741 426 1825 ambiverit.
495 1745 581 1850 Age
619 1741 782 1832 sceleste,
826 1741 990 1820 libenter
1026 1739 1167 1830 dicam,
1214 1743 1255 1818 in

83 1851 84 1858 '
174 1863 310 1930 'eum'
335 1849 525 1960 praecipui
556 1855 632 1960 qui*
654 1851 727 1932 sese
747 1845 1020 1962 philosophum
1051 1849 1123 1930 effe
1142 1849 1253 1942 dicit,
1376 1861 1380 1878 '

128 1985 134 1996 ‘
209 1963 324 2068 fiquis
351 1981 388 2038 te
418 1964 539 2069 pirata
557 1981 716 2071 captum
736 1965 835 2044 inter
847 1959 1138 2070 navigandum,
1186 1979 1254 2040 aut

208 2073 343 2180 praedo¹
370 2073 408 2149 in
440 2071 656 2150 servitutem
695 2070 899 2150 tradidiiiet
938 2093 975 2152 te
1015 2071 1141 2178 ipsum
1182 2073 1268 2148 de··

207 2181 388 2290 plorares,
429 2202 471 2259 ut
498 2181 566 2288 qui
585 2202 731 2290 =praetet
762 2183 943 2261 meritum
973 2179 1190 2261 infeliciter
1209 2209 1250 2258 a·

144 2343 171 2372 ,·
206 2319 333 2400 geres:
378 2309 444 2370 aut
470 2293 585 2400 siquis
607 2319 723 2371 manu
750 2291 888 2398 injecti
918 2294 1144 2384 reduceret,
1174 2295 1255 2369 ser-

207 2431 300 2482 vum
320 2403 391 2482 eiie
412 2401 582 2495 afferens,
611 2401 712 2512 leges
728 2402 975 2495 inc'lamaren'
996 2405 1159 2509 graviter
1169 2399 1257 2480 fer-·

207 2542 280 2606 res,
309 2533 424 2622 atque
443 2515 711 2622 indignateris:
733 2512 811 2592 &d
831 2513 969 2592 Terta!
990 2511 1117 2592 onii!
1139 2539 1253 2619 mag·-
1277 2517 1281 2522 ’

72 2713 76 2722 .
206 2653 258 2704 no
287 2629 456 2704 clamore
497 2623 773 2705 vociferareris:
815 2653 924 2724 nunc
956 2622 1058 2717 verb,
1106 2623 1184 2736 ipse
1212 2643 1253 2702 te

206 2741 259 2813 ob
291 2761 432 2844 paucos
454 2738 614 2826 obolos,
656 2737 695 2818 id
736 2739 853 2836 aetatis
887 2737 927 2841 in
966 2733 1056 2842 quai,
1104 2733 1252 2813 etiamst

204 2845 331 2924 ,servus
369 2849 480 2925 natus
510 2845 614 2939 effes,
653 2865 782 2924 tamen
821 2845 1091 2954 tempestivum
1123 2843 1252 2924 fuiffet
1290 2891 1292 2897 ·

200 2957 284 3064 jam
309 2949 359 3034 ad
390 2957 608 3036 libertatem
641 2955 836 3064 respicere,
879 2983 969 3035 cum
1004 2955 1087 3064 ipsd
1111 2957 1253 3042 virtute

204 3091 249 3143 ac
276 3065 459 3172 sapientii
478 3064 586 3144 'ultro
616 3067 829 3158 vendidisti,
871 3066 968 3177 nihil
998 3067 1141 3146 multos
1162 3065 1252 3146 illos

205 3173 395 3256 sermones
433 3179 630 3268 reveritus,
678 3179 747 3284 qui
795 3181 843 3256 ab
866 3177 1036 3286 'egregio
1068 3175 1250 3266 Platone,

202 3285 431 3393 Chryfippo,
460 3287 714 3367 &Aristotele
727 3283 966 3380 differuntur,
996 3285 1250 3396 quemlibet·

185 3415 321 3474 *tatem
356 3395 526 3488 laudant,
564 3397 782 3477 servitutem
809 3395 1005 3478 damnant.
1063 3393 1152 3476 Nec
1171 3423 1250 3503 pu-

202 3509 267 3586 det
287 3526 324 3584 te
357 3534 447 3608 cum
479 3505 705 3588 hominibus
732 3505 1031 3600 afl'entat'oribuS,
1073 3509 1250 3587 circum-

89 3615 92 3624 ’
200 3617 380 3709 fortioris,
429 3619 467 3694 δε
502 3615 650 3710 scurris,
688 3642 866 3728 exaequo
895 3619 1084 3712 animari,
1131 3620 1171 3697 dc
1205 3619 1250 3698 in

201 3729 307 3808 tantia
350 3723 617 3809 Romanorum
657 3727 768 3808 turba
803 3731 927 3811 solum
963 3729 1165 3838 peregrino
1204 3730 1250 3808 in

201 3842 319 3946 pallio
365 3839 514 3931 versari,
561 3841 601 3918 δι
643 3837 818 3952 linguam
850 3841 1073 3920 Romanam
1107 3865 1249 3948 perpe-

201 3979 283 4032 ram
321 3953 360 4030 &
399 3945 557 4030 barbard
596 3949 738 4044 sonare,
803 3968 980 4060 praeterea
1008 3949 1249 4031 tumultuosa

1069 4087 1263 4143 convrvra·
