2894 4720
251 271 325 352 De
356 249 673 351 MERCEDE
702 261 1099 368 CONDUXCTIS.
1147 293 1226 376 399

180 425 311 490 tamen
327 407 484 516 gaudes,
526 401 643 514 re'que
672 403 798 512 ipsum
819 403 978 512 decipis,
1022 403 1066 484 ac
1085 403 1234 512 semper

180 518 343 600 meliora
371 515 455 598 fore
492 517 624 624 putas3
668 512 924 596 nihilominus
958 515 1233 614 acciditsecut
1318 590 1322 594 .
1436 569 1437 606 ,

183 624 304 740 quim
350 627 516 736 sperasti,
562 629 602 708 bc
637 626 968 734 quemadmodum
1002 625 1138 734 adagio
1171 625 1235 702 di·
1436 621 1437 628 '

188 740 306 831 citur,
335 737 586 818 Mandrabuli
603 737 643 816 in
660 762 810 818 morem
833 761 891 816 res
911 737 1098 845 procedit,
1134 760 1237 844 quo·

10 847 14 942 l
111 912 118 918 .
189 837 298 952 iidie,
333 868 376 927 ut
402 849 455 926 ita
473 848 615 940 dicam,
645 841 877 938 decrescens,
907 873 951 926 ac
970 865 1070 927 retro
1088 846 1237 927 labens.

10 959 12 986 ²
187 959 307 1040 Unde
326 959 525 1064 paulatim,
570 955 676 1036 velut
706 957 747 1037 in
763 939 850 1038 lucb
865 957 997 1052 dubia,
1039 976 1125 1064 tum
1154 956 1238 1064 pri-

179 1057 300 1162 ‚inum
324 1065 547 1176 despiciens,
584 1065 800 1176 intelligere
823 1067 975 1194 incipis,
1005 1093 1133 1148 aureas
1153 1067 1238 1148 illas
1321 1101 1324 1112 ·
1357 1105 1360 1124 ·

186 1181 268 1288 spes
313 1178 411 1258 nihil
450 1175 554 1256 aliud
592 1173 700 1256 fuisse
738 1201 859 1286 quarn
899 1197 1086 1260 inauratas
1125 1177 1238 1286 quas·-
1297 1228 1299 1237 ι

61 1387 65 1392 ‚
186 1285 279 1370 darn
297 1288 513 1395 ampullas:
562 1285 711 1375 labores
736 1287 865 1367 autem
885 1285 1130 1396 elle·graves,
1172 1314 1239 1366 ve-

98 1458 102 1464 -
188 1427 264 1491 ros,
304 1397 559 1492 inevitabiles,
605 1403 721 1506 atque
757 1397 933 1478 affiduos.
991 1397 1164 1505 Qinam
1191 1395 1266 1476 ‚hi‘

190 1501 262 1590 sint
281 1507 405 1589 forsan
427 1535 490 1592 rne
510 1507 685 1616 rogabis:
730 1501 855 1616 neque
888 1497 993 1590 enirn
1013 1509 1125 1590 video
1144 1505 1242 1616 quid

190 1621 232 1699 in
258 1611 627 1700 hacconsuetudine
660 1619 706 1698 fit
735 1617 830 1699 adeb
850 1619 1071 1714 nrolellum,
1116 1644 1242 1724 neque

192 1731 369 1836 intelligo
401 1729 468 1810 ista
494 1757 582 1838 quae
615 1755 900 1812 commemoras
925 1731 1072 1838 gravia,
1119 1729 1158 1807 dr
1176 1731 1242 1806 in·
1272 1769 1275 1773 ’

195 1840 420 1918 tolerabilia.
478 1841 583 1920 Audi
597 1841 727 1948 igitur,
746 1841 816 1937 ‘vir
833 1840 1026 1948 generose,
1049 1867 1149 1931 non,
1179 1840 1242 1916 in-
1302 1835 1303 1838 ’

159 1949 412 2058 gntae-huic
445 1952 499 2051 rei
527 1951 713 2044 molestia,
762 1947 887 2030 lblirm
918 1953 1130 2060 inquirens
1180 1948 1243 2028 sed
1285 1995 1292 2004 ·

195 2059 426 2154 soeditatem,
489 2061 689 2163 vilitatem
711 2079 827 2169 atque
861 2063 1025 2142 omnino
1058 2059 1243 2140 servilita·
1276 2087 1280 2096 ’

107 2261 110 2265 ,
172 2188 278 2272 ‘tem
312 2200 430 2281 quamq,
457 2163 560 2280 inlrffi’
588 2170 720 2262 dicam,
754 2171 844 2252 non
878 2169 1136 2280 perfunctorie
1174 2199 1245 2250 au·
1319 2213 1322 2220 ·

197 2281 317 2363 diens.
376 2280 572 2388 Principio
588 2281 813 2392 memineris
833 2309 946 2372 exeo
972 2303 1146 2390 tempore
1164 2307 1246 2368 non

198 2388 364 2500 antplibs
396 2395 566 2472 liberum
598 2411 718 2498 atque
751 2393 965 2497 ingenuum
1004 2413 1042 2470 te
1087 2411 1242 2500 putare;

197 2502 279 2596 haec
311 2505 417 2580 enim
436 2503 581 2592 omnia,
611 2527 745 2607 genus,
786 2501 1030 2593 libertatem,¹
1062 2501 1244 2608 progeni-

139 2711 142 2717 ι
187 2631 298 2690 tores
317 2632 425 2690 extra
458 2611 578 2707 limen
601 2611 822 2690 relicturum
845 2631 881 2688 te
916 2611 1020 2704 scias,
1062 2637 1185 2718 quum
1206 2611 1248 2688 in

200 2717 423 2820 hujusmodi
479 2721 699 2804 seruitutem
746 2722 1011 2828 temetipsum
1069 2721 1265 2802 addicens

113 2893 117 2902 .
202 2833 442 2937 ingredieris.
518 2831 716 2940 Siquidem
755 2833 908 2910 libertas
941 2853 1071 2911 tecum
1100 2831 1302 2940 ingredi¹
1431 2840 1432 2844 ’

203 2945 322 3032 nolet,
367 2943 414 3021 ad
439 2967 498 3022 res
519 2941 807 3049 tam'ignobiles
828 2939 1070 3052 humilesque
1090 2964 1128 3022 re
1154 2966 1251 3022 con·

205 3053 363 3146 ferente.
412 3053 558 3132 'Servus
577 3055 721 3160 itaque,
751 3053 816 3131 etsi
844 3053 1001 3134 nomine
1023 3055 1253 3162 ipso‘gravi-¹

205 3162 501 3256 teroffenderis,
549 3191 626 3244 non
663 3159 794 3260 unitis,
834 3162 894 3242 sed
927 3165 1141 3246 multorum
1179 3193 1256 3246 ne«

205 3271 357 3366 cellario
391 3275 515 3354 servus
547 3277 644 3354 eris:
696 3276 876 3382 &capite
905 3275 1063 3354 demisso
1093 3305 1114 3354 a
1148 3277 1252 3356 dilu-
1307 3355 1315 3374 s
1392 3325 1396 3341 ι

92 3435 94 3443 ,
205 3388 295 3464 culo
333 3385 378 3462 ad
419 3385 624 3492 vesperam,
664 3386 788 3494 'idque
821 3385 885 3464 vili
924 3389 1115 3479 mercede,
1157 3414 1252 3493 ope-

207 3497 477 3602 rarnnavabis.
526 3497 643 3584 ,Adde
678 3495 780 3604 quod
805 3523 890 3574 ⁴non
920 3499 1131 3590 admodum
1161 3522 1252 3604 pro·
1337 3501 1340 3512 ’

207 3605 328 3695 habia,
377 3633 503 3714 neque
538 3607 684 3723 magnif
701 3606 767 3685 fies
796 3607 844 3683 ab
866 3608 970 3698 hero,
1021 3607 1166 3714 utqui
1206 3605 1253 3684 ad
1349 3649 1355 3661 ,

207 3715 400 3795 servitium
440 3745 463 3821 a
506 3743 624 3826 puero
667 3743 743 3796 non
778 3715 893 3796 fueris
928 3718 1136 3808 institutus,
1192 3715 1256 3804 sed
1365 3805 1368 3813 ¹

207 3825 287 3904 serd
308 3827 499 3918 didiceris,
542 3830 581 3906 bc
600 3847 709 3906 aetate
731 3831 899 3908 multum
922 3823 1121 3936 proveslus
1152 3829 1196 3905 ad
1215 3829 1254 3906 id

129 3995 132 4006 .
206 3939 348 4016 erudiri
387 3939 557 4046 coeperis.
614 3941 839 4046 Excrucias
863 3962 991 4020 autern
1027 3959 1072 4039 ¹te
1097 3938 1254 4028 subiens

1144 4049 1257 4128 liber-
