2914 4724
214 278 296 363 314
535 246 936 327 LUCIANI

210 367 377 474 fuerant,
419 404 559 470 omnes
598 379 826 486 poenitebat.
878 374 1100 460 Nonnullos
1130 397 1260 480 autern

212 492 383 598 ipsorum
403 488 610 596 conspicati
631 491 876 596 agnovimus,
907 511 1099 598 quotquot
1112 494 1262 600 scilicet

128 607 130 613 ⁴
212 601 252 680 in
269 628 391 680 eorum
409 627 556 679 numera
587 619 708 691 erant,
757 601 825 706 qui
856 627 978 707 nuper
998 607 1141 694 mortui
1170 605 1259 684 fue·

211 731 313 790 rant.
373 711 436 789 llli
476 709 565 790 verb·
593 711 629 788 se
662 713 905 802 occulebant,
953 713 993 790 bt
1022 715 1258 815 avertebant,
1314 777 1321 793 ,

213 821 320 930 qubd
340 821 367 902 st
386 821 593 928 aliquando
609 821 822 927 respiceret,
852 823 892 900 id
912 819 1094 902 serviliter
1124 800 1259 904 aeluro·

212 938 307 1012 dum
322 934 361 1009 se
395 929 604 1009 adulatorie
617 929 844 1034 faciebant:
887 927 1070 1039 idque
1029 962 1124 1014 curn
1145 935 1262 1015 effent

212 1046 254 1122 in
270 1041 348 1120 vita
367 1069 485 1150 quam
499 1042 650 1121 molesti
670 1063 795 1149 putas,
825 1039 1047 1125 &fastuofit
1106 1066 1144 1124 at
1162 1075 1260 1154 pau·
1304 1059 1311 1074 ·

185 1171 189 1177 ·
211 1155 367 1262 peribus
412 1151 622 1232 dimidium
658 1153 851 1232 malorum
888 1153 1173 1245 remittebatur,
1220 1160 1261 1237 bc

182 1263 191 1281 ¹
213 1264 281 1343 ubi
297 1263 636 1370 interquievissent,
662 1265 810 1342 rursum
826 1264 1095 1370 puniebantur.
1152 1267 1264 1378 Qin

213 1378 254 1455 se
285 1375 351 1454 illa
379 1401 535 1481 quoque
552 1373 723 1454 fabulosa
749 1372 842 1466 vidi,
886 1375 1064 1456 Ixionem
1092 1379 1131 1456 δε
1159 1379 1291 1486 Sisy-¹

211 1486 366 1623 phum,
395 1483 656 1592 &Phrygem
688 1485 902 1565 Tantalum
935 1483 1036 1564 male
1063 1487 1262 1582 affeslum,
1296 1489 1300 1496 ’

212 1601 255 1678 bt
273 1595 371 1677 terra
395 1597 570 1702 genitum
591 1599 777 1702 Tityum:
824 1615 990 1704 quantus
1012 1596 1141 1676 hercle
1159 1602 1261 1682 erat!

211 1710 400 1815 integrum
433 1707 538 1786 enirn
577 1709 657 1814 agri
694 1709 827 1788 locum
863 1707 995 1786 stratus
1032 1711 1262 1816 occupabat.

210 1819 417 1902 Praeteritis
439 1820 556 1897 etiarn
573 1817 688 1909 hisce,
718 1847 761 1896 ea
743 1846 902 1925 mpum
924 1815 1209 1898 Acherusium
1199 1851 1264 1900 m-

209 1930 433 2037 gredimur3
477 1930 939 2038 ibiquecumsemideos,
970 1948 1055 2008 tum
1071 1929 1263 2026 heminas,

156 2085 162 2105 ·
214 2042 409 2146 aliamque
448 2039 558 2118 simul
591 2061 832 2119 mortuorum
866 2041 1020 2118 turbam
1051 2037 1265 2122 secundirm

214 2169 349 2260 gentes
363 2145 558 2258 tribusque
572 2152 806 2259 degentem
796 2150 1034 2228 invenimus.
1066 2151 1158 2230 alios
1174 2156 1264 2254 qui·

215 2267 307 2344 dem
324 2261 485 2340 vetulos
483 2289 533 2341 ac
554 2265 757 2354 mareidm,
789 2281 907 2368 utque
931 2259 1026 2338 dicit
1046 2261 1263 2356 Homerus,

214 2373 414 2452 evanidos:
446 2373 539 2452 altos
555 2401 642 2452 vero
647 2401 822 2487 juvenes
843 2372 1076 2477 &integros
1096 2375 1264 2460 &max

114 2485 116 2490 ’
161 2483 469 2593 ,ἰηιὲςιιίἀεῐη
486 2477 728 2594 AEgyptios,
747 2501 901 2591 propter
927 2483 1148 2565 diuturnam
1167 2514 1264 2565 con
1375 2579 1382 2596 ·

215 2599 353 2678 diturae
389 2596 613 2676 efficaciam.
671 2593 819 2674 Verbm
854 2594 1070 2702 quemlibet
1105 2597 1263 2704 dignos-

216 2735 304 2788 cere
333 2715 576 2814 nequaquam
597 2724 676 2784 erat
705 2705 830 2796 facile,
876 2732 1011 2784 omnes
1038 2710 1143 2786 enirn
1173 2710 1263 2790 ossa-

216 2820 290 2916 bus
308 2817 460 2896 nudatis
479 2816 565 2894 subt
580 2843 707 2896 revera
726 2818 817 2897 srbi
807 2817 973 2894 rnvicem
990 2817 1155 2896 similes:
1186 2848 1263 2898 cae-

217 2926 343 3008 teriam
371 2955 470 3034 aegre
452 2923 646 3032 ditique·
652 2927 952 3054 contemplando
982 2927 1080 3034 ipsos
1100 2931 1263 3033 cognos-

216 3039 420 3126 cebamus3
456 3037 636 3144 jacebant
657 3041 762 3117 enim
782 3036 851 3115 alii
873 3038 981 3142 super
1002 3039 1093 3118 alios
1113 3041 1264 3128 obscuri
1317 3085 1322 3100 ¹
1345 3032 1350 3050 ¹

218 3167 333 3256 atque
353 3148 557 3252 ignobiles,
602 3149 777 3256 nihilque
795 3145 969 3253 amplilrs
982 3177 1130 3242 eorum,
1174 3182 1264 3260 quae

217 3261 320 3385 apud
350 3285 421 3336 nos
459 3257 546 3336 sunt
581 3259 756 3366 pulchra,
805 3257 1079 3341 conservantes.
1126 3261 1263 3344 Cum

217 3371 338 3474 igitur
364 3367 490 3446 multa
525 3372 694 3448 exiccata
721 3371 901 3450 cadavera
932 3373 1113 3452 eodem
1102 3401 1142 3454 ra
1176 3375 1264 3454 loco

212 3481 407 3592 jacerent,
440 3480 628 3559 &omnia
658 3483 757 3558 inter
785 3483 819 3560 le
839 3479 975 3560 similia
1003 3481 1132 3576 effent,
1175 3485 1262 3564 hor-

184 3594 385 3670 rendum
419 3589 458 3666 ἃ
496 3617 563 3695 per
602 3619 738 3668 vacuos
773 3592 974 3670 oculorum
1013 3595 1167 3673 orbes
1158 3618 1263 3682 tntu-

196 3704 334 3795 entia,
365 3695 570 3806 dente'ssque
591 3703 712 3780 nudos
733 3704 981 3794 ostendentia,
1026 3707 1143 3784 auimi
1166 3736 1262 3816 pen

217 3815 359 3896 debam
381 3835 551 3978 quonam
565 3811 677 3920 figat
703 3813 919 3894 Thersitem
948 3811 1173 3897 aformoso
1194 3805 1264 3896 illo

913 3963 923 4022 '.
1138 3925 1264 4014 Nireo
